2001 3099
878 116 1177 155 -36--

247 262 431 312 spectus
471 255 587 298 duos
634 262 894 311 sequentes}
935 256 1011 310 qui
1061 256 1274 296 dicantur
1315 256 1419 296 κατὰ
1462 258 1727 310 ῖεῑιράγυυόν
1768 262 1814 296 et

248 329 349 370 κατὰ
391 329 606 384 τρίγωνον,
648 326 900 369 maximam
952 327 1044 369 vim
1094 327 1274 368 habere.
1348 341 1499 382 neque
1542 342 1651 370 vero
1692 326 1814 381 quic-

250 413 388 454 quam
430 414 455 440 a
496 405 627 440 sexto
668 399 769 440 loco
808 399 952 441 solem
991 397 1230 455 proficere.
1295 406 1342 440 at
1382 414 1407 440 a
1446 397 1645 454 septimo
1684 396 1814 439 zodio

254 469 635 526 potentissimum
675 476 976 525 conspectum
1020 483 1132 522 esse,
1172 476 1224 511 ut
1261 483 1620 526 nonnumquam
1654 475 1815 526 partus

251 548 463 584 maturus
504 540 588 583 fiat
619 551 663 583 et
686 539 889 583 infantes
913 546 1325 596 septemmenstres
1349 547 1614 584 nascantur.
1651 546 1816 583 octavo

251 620 406 656 autem
440 627 600 655 mense
633 611 837 654 infantes
871 626 963 654 non
1000 610 1085 665 edi,
1120 626 1225 653 cum
1261 618 1538 668 conspectus
1568 612 1625 654 ab
1649 618 1816 654 octavo

247 685 385 740 signo
432 691 484 726 ut
524 699 549 726 a
589 690 721 726 sexto
770 684 871 725 loco
912 682 1087 725 nullius
1127 681 1353 725 momenti
1400 683 1472 726 sit.
1538 683 1618 725 sed
1656 696 1816 724 mense

248 770 374 798 nono
407 762 580 798 matres
615 769 776 810 parere
811 754 970 804 solere,
1013 768 1114 797 cun]
1159 754 1225 796 sol
1261 768 1444 796 rursum
1477 755 1582 796 κατὰ
1615 756 1817 808 τρίγωνον

248 828 399 869 10611111
450 824 772 881 conceptionis
823 824 1104 881 conspiciat:
1158 824 1391 867 interdum
1448 824 1587 868 etiam
1636 824 1817 867 decimo

248 899 437 940 demum
479 912 641 940 mense
684 897 888 939 infantes
929 896 1071 940 nasci.
1135 896 1336 952 denique
1372 897 1653 939 Censorinus
1693 910 1816 938 unus

249 968 545 1025 prosequitur
579 982 730 1024 neque
764 968 1012 1010 undecimo
1047 982 1218 1021 meuse,
1253 982 1356 1010 cum
1392 969 1458 1010 sol
1494 981 1677 1010 rursum
1711 968 1816 1009 κατὰ

249 1041 464 1095 ἑξάγωνον
497 1041 651 1082 10611111
687 1040 819 1081 11111111
856 1039 1126 1095 conspiciat,
1161 1053 1314 1095 neque
1347 1037 1624 1082 duodecimo
1656 1052 1817 1081 mense

249 1119 410 1168 partus
451 1112 549 1154 fieri
591 1112 748 1154 solere.
814 1109 1020 1153 Vidimus
1062 1110 1335 1165 Ausonium,
1377 1125 1660 1166 quamquam
1703 1110 1816 1153 Cen-

251 1183 437 1226 sorinus
470 1182 517 1225 in
553 1182 825 1225 universum
861 1183 1123 1225 accuratius
1157 1183 1280 1225 hanc
1312 1181 1570 1224 doctrinam
1595 1181 1817 1225 Chaldae-

256 1269 386 1297 orum
411 1253 626 1310 prodidit,
662 1261 816 1296 tamen
841 1253 1024 1296 (luobus
1047 1253 1160 1296 locis
1185 1255 1319 1310 plura
1344 1267 1483 1310 quam
1508 1251 1813 1296 Censorinum

255 1325 449 1378 dedisse,
473 1339 578 1367 cum
598 1325 839 1379 nonnulla,
863 1339 981 1380 quae
1005 1325 1287 1368 Censorinus
1310 1323 1655 1381 perspicuitatis
1677 1338 1817 1367 causa

254 1396 446 1451 addidit,
486 1397 774 1452 neglegeret.
840 1397 914 1439 vel
960 1397 1068 1438 inde
1114 1403 1307 1452 apparet
1352 1395 1614 1438 Ausonium
1659 1394 1815 1451 potius

255 1484 312 1511 ex
332 1469 495 1511 eodem
520 1469 647 1511 fonte
671 1475 811 1524 atque
832 1467 1140 1510 Censorinum
1166 1468 1285 1510 hanc
1308 1467 1568 1510 doctrinam
1592 1467 1817 1510 hausisse.

252 1540 330 1583 sed
376 1541 479 1582 fons
514 1538 774 1582 communis
820 1539 910 1581 fuit
957 1541 1018 1583 M.
1051 1538 1302 1582 Terentius
1335 1540 1496 1582 Varro.
1561 1552 1669 1581 nam
1704 1538 1816 1581 Cen-

256 1611 465 1655 sorinum
507 1625 539 1653 6.
573 1614 597 1652 8
629 1626 652 1653 6
686 1612 898 1655 Varrone
931 1611 1189 1667 sumpsisse
1224 1610 1526 1653 consentiunt
1558 1609 1645 1652 viri
1678 1609 1815 1651 docti:

253 1683 347 1726 iam
383 1684 442 1724 H.
472 1682 601 1724 Diels
618 1683 649 1738 ¹)
689 1690 759 1724 est
799 1682 1018 1738 opinatus
1058 1682 1146 1724 hoc
1184 1689 1325 1738 caput
1357 1681 1413 1723 ad
1447 1679 1669 1724 Varronis
1701 1679 1818 1736 logi-

252 1753 489 1808 storicum,
514 1752 587 1796 cui
611 1767 783 1795 nornen
808 1760 908 1796 erat
929 1752 1130 1805 Tubero,
1154 1754 1381 1795 recedere.
1418 1759 1515 1795 tum
1544 1754 1586 1794 P.
1610 1752 1817 1807 Weber2)

252 1824 517 1869 accuratius
557 1823 603 1866 in
640 1823 882 1867 Censorini
917 1825 1069 1867 fontes
1103 1824 1344 1880 inquirens
1378 1825 1466 1865 hoc
1489 1823 1624 1877 idem,
1659 1837 1817 1879 quam-

252 1896 323 1940 vis
358 1912 450 1939 non
486 1894 586 1938 sine
620 1894 776 1952 aliqua
809 1895 1114 1949 dubitatione,
1149 1894 1401 1948 contendit,
1437 1909 1541 1936 cum
1575 1893 1815 1937 Censorini

255 1983 290 2012 c.
321 1968 383 2022 11,
423 1968 502 2010 ubi
536 1967 609 2024 §8
649 1968 792 2010 verba
825 1966 915 2023 ‘qui
948 1981 1172 2009 numerus
1205 1967 1384 2009 dierum
1424 1966 1479 2008 ad
1515 1972 1815 2021 tetragonum

252 2040 385 2082 illum
411 2039 753 2081 Chaldaeorum
786 2045 1086 2094 conspectum
1123 2038 1356 2080 subtiliter
1388 2036 1616 2092 congruit‘
1651 2036 1816 2078 adhoc

255 2126 290 2155 c.
317 2114 340 2152 8
375 2108 636 2166 spectantia
670 2111 904 2165 leguntur,
939 2125 995 2151 ex
1029 2108 1107 2151 1110
1141 2108 1410 2165 logistorico
1441 2107 1501 2150 sit
1523 2108 1745 2150 haustum
1770 2114 1817 2149 et

254 2197 290 2225 c.
317 2185 340 2223 8
376 2180 475 2224 eius
515 2188 796 2237 argumento
830 2181 1081 2223 convenire
1117 2181 1340 2222 videatur.
1389 2182 1431 2221 P.
1463 2179 1711 2223 Weberum
1747 2184 1817 2221 est

255 2260 443 2296 secutus
468 2254 518 2294 A.
544 2252 687 2295 Hahn
702 2255 746 2304 3).
783 2259 938 2294 tamen
971 2251 1186 2307 quamvis
1209 2251 1457 2293 concedam
1482 2251 1529 2292 in
1553 2251 1641 2292 hoc
1663 2250 1815 2306 capite

256 2325 515 2367 doctrinam
561 2323 900 2367 Varronianam
950 2337 1049 2365 esse
1096 2329 1338 2374 servatam,
1384 2336 1543 2364 omnes
1589 2328 1681 2364 tres
1728 2319 1815 2364 viri

257 2396 380 2438 docti
415 2394 460 2437 in
486 2410 538 2437 ea
561 2410 608 2437 re
633 2395 861 2437 erravisse
883 2393 997 2436 mihi
1022 2394 1253 2442 videntur,
1287 2394 1408 2449 quod
1433 2408 1466 2435 c.
1487 2396 1510 2434 8
1535 2391 1815 2448 logistorico,

257 2467 335 2523 qui
367 2466 638 2508 inscribitur
669 2465 870 2519 Tubero,
903 2464 1276 2508 vindicaverunt.
1342 2465 1484 2506 immo
1523 2463 1679 2519 potius
1720 2477 1754 2505 c.
1790 2466 1814 2504 8

256 2546 302 2581 et
348 2538 574 2580 nonnulla
620 2536 773 2592 capita
814 2535 1059 2592 sequentia
1099 2551 1122 2578 e
1156 2535 1378 2579 Varronis
1418 2534 1675 2590 disciplinis
1716 2548 1816 2576 esse

403 2657 428 2698 ¹)
457 2655 690 2701 Doxographi
718 2654 844 2690 Graeci
871 2665 904 2699 p.
935 2655 1011 2690 188.

402 2716 428 2754 2,
456 2714 723 2757 Quaestionum
755 2713 1052 2749 Suetonianarum
1088 2715 1202 2757 capita
1235 2713 1319 2754 duo,
1357 2713 1440 2746 diss.
1469 2712 1547 2746 Hal.
1586 2711 1673 2746 1903
1706 2721 1737 2755 p.
1758 2710 1813 2745 42.

401 2775 429 2817 ³)
459 2774 513 2808 De
540 2773 727 2808 Censorini
754 2774 925 2814 fontibus,
953 2773 1038 2807 diss.
1064 2772 1141 2806 den.
1174 2772 1262 2807 1905
1289 2782 1320 2816 p.
1348 2772 1379 2806 9.
