2001 3099
934 136 1224 175 -52-

301 280 469 328 autem,
518 273 595 330 qui
635 275 682 316 in
724 289 923 317 errorem
975 274 1256 330 astrologiae
1300 274 1463 317 incidit
1511 289 1742 332 quemque
1781 275 1855 318 hie

300 345 568 399 insectatur,
592 347 861 400 Varronem,
891 345 1023 389 cuius
1047 345 1410 402 Disciplinarum
1439 346 1608 389 librum
1632 348 1688 389 de
1711 354 1853 390 astro-

300 416 428 472 logia
463 415 782 459 Cassiodorius
814 417 1006 473 legerat.

442 503 499 530 ex
532 487 604 530 his
637 487 854 531 omnibus
894 488 1045 531 causis
1084 487 1217 531 nobis
1256 504 1349 532 non
1383 488 1578 532 dubium
1618 497 1698 545 est,
1743 490 1852 547 quin

301 565 441 615 caput
463 562 486 601 8
513 558 753 603 Censorini
788 575 811 602 e
834 558 952 603 libro
985 560 1042 603 de
1065 560 1320 616 astrologia
1343 561 1405 603 sit
1427 567 1681 617 sumptum.
1732 563 1855 605 unde

301 629 521 686 sequitur,
554 637 607 673 ut
630 630 867 674 Ausonius
901 646 1085 688 quoque
1108 632 1271 688 ecloga
1294 635 1331 686 8,
1365 646 1470 675 cum
1502 646 1608 675 eum
1641 648 1667 675 a
1691 633 1857 676 Censo-

300 701 401 744 rino
424 717 517 745 non
551 703 753 758 pendere
777 717 916 758 supra
940 703 1428 758 demonstraverimus,
1462 704 1659 746 eundem
1686 703 1855 747 librum

300 774 357 816 de
381 774 636 829 astrologia
661 773 949 829 expresserit.
1004 789 1155 830 neque
1178 773 1341 817 dubito
1365 773 1573 817 conicere
1597 774 1855 818 Ausonium

303 843 443 887 etiam
469 843 595 899 alios,
628 845 823 887 fortasse
845 859 1008 888 omnes
1032 844 1173 888 libros
1198 845 1562 902 Disciplinarum
1587 847 1856 902 possedisse.

300 915 556 972 vestigium
594 914 808 959 lectionis
847 915 987 959 etiam
1028 917 1147 959 alius
1191 917 1296 959 libri
1334 923 1517 973 praeter
1555 917 1857 974 astrologiam

300 986 536 1031 invenisse
568 986 684 1029 mihi
708 986 869 1030 videor
890 987 938 1030 in
963 988 1113 1044 griph.
1138 994 1253 1032 tern.
1278 1003 1402 1031 num.
1427 1004 1466 1031 v.
1495 991 1545 1030 18
1580 991 1639 1046 (p.
1661 991 1739 1031 201
1771 989 1856 1046 P.):

302 1057 581 1115 ‘tergemina
615 1065 686 1101 est
711 1060 891 1102 Hecate
925 1059 1013 1102 tria
1036 1058 1234 1115 virginis
1268 1075 1347 1102 ora
1372 1060 1564 1114 Dianae,
1599 1059 1680 1103 tris
1705 1060 1860 1103 Chari-

302 1137 385 1185 tes,
418 1129 508 1173 tria
531 1129 671 1172 Fata.'
735 1144 853 1186 quae
887 1145 991 1172 cum
1026 1145 1348 1186 comparemus
1382 1145 1486 1173 cum
1512 1130 1723 1174 Martian.
1779 1133 1860 1175 Ca-

300 1202 405 1259 pell.
428 1203 520 1246 VII
555 1203 659 1245 733:
700 1200 913 1258 ‘denique
945 1202 1060 1244 Fata
1091 1200 1454 1258 Gratiarumque
1493 1202 1780 1258 germanitas
1813 1210 1859 1245 et

301 1273 527 1330 quaedam
548 1272 695 1328 virgo,
727 1287 866 1329 quam
891 1272 1054 1316 dicunt
1077 1274 1308 1329 ‘caeloque
1331 1273 1560 1329 ereboque
1577 1276 1858 1329 potentem'',

300 1360 390 1401 ego
413 1344 601 1402 quidem
625 1359 798 1400 negem
822 1359 931 1387 casu
956 1344 1177 1399 evenisse,
1211 1351 1264 1386 ut
1286 1345 1377 1387 duo
1402 1342 1648 1400 scriptores
1673 1345 1858 1388 easdem

301 1423 395 1460 tres
419 1417 593 1461 triadas
625 1416 757 1460 iuxta
780 1415 1033 1473 posuerint,
1066 1415 1209 1458 immo
1233 1416 1329 1459 veri
1360 1415 1648 1459 simillimum
1674 1416 1859 1460 videtur

301 1503 401 1531 esse
435 1488 696 1532 Ausonium
729 1489 786 1531 de
824 1488 988 1531 eodem
1021 1488 1161 1542 fonte,
1201 1501 1338 1543 quem
1374 1486 1633 1531 Martianus
1673 1488 1859 1544 Capella

300 1560 347 1602 in
382 1560 522 1604 LVII
558 1559 878 1617 compilavit,¹)
912 1557 1014 1602 dico
1038 1559 1260 1602 Varronis
1292 1557 1656 1615 Disciplinarum
1689 1559 1858 1602 librum

302 1631 359 1674 de
392 1630 699 1686 arithmetica,
733 1632 818 1674 has
843 1637 935 1673 tres
969 1630 1143 1673 triadas
1167 1629 1524 1687 deprompsisse.
1588 1630 1667 1677 sed
1692 1629 1860 1673 dixerit

301 1702 534 1759 quispiam
576 1703 837 1746 Ausonium
885 1701 962 1745 hic
1000 1717 1025 1744 a
1066 1701 1290 1745 Varronis
1338 1716 1475 1758 opere
1515 1701 1571 1744 de
1619 1700 1858 1758 principiis

299 1788 614 1829 numerorum,
648 1774 721 1817 cui
746 1775 894 1816 multa
917 1772 1183 1816 communia
1217 1779 1350 1815 erant
1373 1787 1479 1815 cum
1518 1773 1635 1815 libro
1668 1771 1769 1829 ipso
1802 1773 1859 1815 de

300 1844 643 1902 arithmetica,2)
676 1845 878 1902 pendere
901 1859 1048 1901 posse,
1078 1843 1349 1901 praesertim
1374 1859 1479 1886 curn
1503 1850 1641 1901 poeta
1663 1844 1710 1886 in
1733 1858 1859 1900 prae-

300 1915 476 1960 fatione
516 1915 671 1975 griphi
711 1919 772 1973 (p.
802 1919 895 1969 199,
928 1919 977 1958 51
1009 1918 1070 1967 P.)
1118 1916 1337 1958 Varronis
1366 1931 1575 1958 numeros
1611 1914 1710 1971 ipse
1749 1914 1860 1958 citet

300 1987 507 2031 intereos
521 1988 673 2043 libros,
689 2002 804 2045 quos
823 1988 974 2031 sciens
991 1985 1364 2044 neglexerit,qua
1381 2002 1429 2030 re
1443 1986 1636 2030 minime
1648 1992 1859 2030 vetamur

301 2058 512 2103 arbitrari
552 2074 659 2102 eum
693 2059 958 2116 exemplum
1001 2057 1186 2114 aliquod
1227 2056 1417 2101 ternarii
1450 2058 1632 2100 numeri
1671 2057 1779 2099 inde
1811 2056 1857 2098 in

301 2145 437 2174 suum
472 2131 635 2173 ludum
668 2130 984 2187 assumpsisse.
1049 2130 1129 2173 sed
1153 2128 1345 2172 minime
1364 2144 1446 2186 pro
1479 2136 1603 2172 certo
1632 2129 1858 2171 habemus

301 2209 487 2257 poetam
521 2201 674 2245 verbis
721 2202 936 2245 Varronis
968 2216 1176 2243 numeros
1215 2199 1329 2243 illud
1370 2215 1487 2257 opus
1527 2201 1582 2242 de
1622 2198 1859 2256 principiis

301 2287 602 2316 numerorum
636 2272 842 2316 indicare
874 2272 1090 2316 voluisse.
1156 2272 1318 2315 eodem
1358 2272 1458 2314 iure
1490 2270 1624 2314 facile
1658 2270 1858 2313 conicias

303 2359 408 2386 eum
432 2359 651 2387 numeros
673 2344 722 2387 in
746 2343 862 2387 libro
896 2344 952 2386 de
975 2342 1270 2386 arithmetica
1294 2349 1531 2386 enarratos
1554 2340 1857 2397 significasse.

302 2415 358 2458 ad
400 2416 487 2458 hoe
525 2415 661 2458 valde
702 2415 897 2458 dubium
937 2422 1017 2469 est,
1067 2428 1178 2457 num
1217 2413 1297 2457 illa
1335 2414 1428 2456 duo
1467 2428 1605 2469 opera
1637 2411 1858 2455 Varronis

301 2490 380 2541 (se.
414 2485 530 2529 liber
563 2487 619 2529 de
642 2485 937 2529 arithmetica
970 2493 1016 2529 et
1048 2485 1152 2528 libri
1186 2486 1242 2528 de
1275 2484 1514 2542 principiis
1537 2487 1857 2535 numerorum)

304 2564 397 2600 tam
431 2565 645 2601 accurate
679 2556 800 2600 inter
825 2572 873 2600 se
907 2555 1241 2608 concinuerint,
1276 2562 1327 2598 ut
1360 2555 1404 2598 in
1437 2562 1635 2611 utroque
1669 2555 1855 2597 eaedem

448 2736 472 2780 ¹)
499 2736 541 2771 cf.
569 2736 603 2771 F.
624 2735 868 2781 Eyssenhardt
895 2737 930 2770 in
957 2735 1040 2770 edit.
1092 2745 1124 2780 p.
1147 2734 1225 2770 Llll.

445 2796 472 2839 2)
499 2795 539 2829 cf.
569 2795 604 2830 F.
624 2795 805 2834 Ritschelii
834 2804 956 2839 opusc.
987 2794 1027 2829 111
1056 2805 1090 2839 p.
1108 2794 1188 2828 442.
