<?xml version="1.0" encoding="UTF-8"?>
<!DOCTYPE html PUBLIC "-//W3C//DTD XHTML 1.0 Transitional//EN"
    "http://www.w3.org/TR/xhtml1/DTD/xhtml1-transitional.dtd">
<html xmlns="http://www.w3.org/1999/xhtml" xml:lang="en" lang="en">
 <head>
  <title>
</title>
<meta http-equiv="Content-Type" content="text/html;charset=utf-8" />
  <meta name='ocr-system' content='tesseract 3.04.00' />
  <meta name='ocr-capabilities' content='ocr_page ocr_carea ocr_par ocr_line ocrx_word'/>
</head>
<body>
  <div class='ocr_page' id='page_1' title='image "./devarroneetsueto00reeh_0054.png"; bbox 0 0 2001 3099; ppageno 0'>
   <div class='ocr_carea' id='block_1_1' title="bbox 924 174 1097 212">
    <p class='ocr_par' dir='ltr' id='par_1_1' title="bbox 924 174 1097 212">
     <span class='ocr_line' id='line_1_1' title="bbox 924 174 1097 212; baseline 0 0"><span class='ocrx_word' id='word_1_1' title='bbox 924 174 1097 212; x_wconf 83' lang='lat'>——50</span> 
     </span>
    </p>
   </div>
   <div class='ocr_carea' id='block_1_2' title="bbox 282 310 1847 2714">
    <p class='ocr_par' dir='ltr' id='par_1_2' title="bbox 285 310 1847 924">
     <span class='ocr_line' id='line_1_2' title="bbox 289 310 1847 370; baseline 0.002 -18"><span class='ocrx_word' id='word_1_2' title='bbox 289 310 506 353; x_wconf 71' lang='lat' dir='ltr'>venimus</span> <span class='ocrx_word' id='word_1_3' title='bbox 547 310 688 354; x_wconf 86' lang='lat' dir='ltr'>etiam</span> <span class='ocrx_word' id='word_1_4' title='bbox 723 311 1043 365; x_wconf 67' lang='lat' dir='ltr'>Censorinum,</span> <span class='ocrx_word' id='word_1_5' title='bbox 1083 312 1159 368; x_wconf 84' lang='lat' dir='ltr'>qui</span> <span class='ocrx_word' id='word_1_6' title='bbox 1202 313 1257 354; x_wconf 87' lang='lat' dir='ltr'>ad</span> <span class='ocrx_word' id='word_1_7' title='bbox 1294 312 1621 366; x_wconf 73' lang='lat' dir='ltr'>Q.Cerelli1nn</span> <span class='ocrx_word' id='word_1_8' title='bbox 1662 312 1847 370; x_wconf 75' lang='lat' dir='ltr'><strong>scripsit</strong></span> 
     </span>
     <span class='ocr_line' id='line_1_3' title="bbox 288 381 1846 439; baseline 0.003 -16"><span class='ocrx_word' id='word_1_9' title='bbox 288 383 344 424; x_wconf 71' lang='lat' dir='ltr'>sle</span> <span class='ocrx_word' id='word_1_10' title='bbox 377 381 451 424; x_wconf 85' lang='lat' dir='ltr'>die</span> <span class='ocrx_word' id='word_1_11' title='bbox 491 381 590 424; x_wconf 90' lang='lat' dir='ltr'>eius</span> <span class='ocrx_word' id='word_1_12' title='bbox 630 382 788 436; x_wconf 74' lang='lat' dir='ltr'>natali,</span> <span class='ocrx_word' id='word_1_13' title='bbox 833 384 909 425; x_wconf 88' lang='lat' dir='ltr'>ubi</span> <span class='ocrx_word' id='word_1_14' title='bbox 952 384 1009 426; x_wconf 85' lang='grc'>(10</span> <span class='ocrx_word' id='word_1_15' title='bbox 1048 383 1227 425; x_wconf 77' lang='lat' dir='ltr'>musica</span> <span class='ocrx_word' id='word_1_16' title='bbox 1272 383 1518 439; x_wconf 82' lang='lat' dir='ltr'>disciplina</span> <span class='ocrx_word' id='word_1_17' title='bbox 1551 384 1624 427; x_wconf 90' lang='lat' dir='ltr'>vel</span> <span class='ocrx_word' id='word_1_18' title='bbox 1663 385 1720 426; x_wconf 88' lang='lat' dir='ltr'>de</span> <span class='ocrx_word' id='word_1_19' title='bbox 1757 384 1846 427; x_wconf 87' lang='lat' dir='ltr'>alia</span> 
     </span>
     <span class='ocr_line' id='line_1_4' title="bbox 289 452 1846 510; baseline 0.002 -16"><span class='ocrx_word' id='word_1_20' title='bbox 289 459 420 508; x_wconf 84' lang='lat' dir='ltr'>parte</span> <span class='ocrx_word' id='word_1_21' title='bbox 455 452 679 495; x_wconf 82' lang='lat' dir='ltr'>mathesis</span> <span class='ocrx_word' id='word_1_22' title='bbox 713 468 804 495; x_wconf 90' lang='lat' dir='ltr'>non</span> <span class='ocrx_word' id='word_1_23' title='bbox 845 455 1143 510; x_wconf 83' lang='lat' dir='ltr'>neglegenda</span> <span class='ocrx_word' id='word_1_24' title='bbox 1191 454 1435 497; x_wconf 87' lang='lat' dir='ltr'>disseruit.&#39;</span> <span class='ocrx_word' id='word_1_25' title='bbox 1497 455 1640 498; x_wconf 87' lang='lat' dir='ltr'>verba</span> <span class='ocrx_word' id='word_1_26' title='bbox 1678 456 1846 497; x_wconf 70' lang='lat' dir='ltr'>musica</span> 
     </span>
     <span class='ocr_line' id='line_1_5' title="bbox 289 523 1847 580; baseline 0.003 -16"><span class='ocrx_word' id='word_1_27' title='bbox 289 524 530 580; x_wconf 71' lang='lat' dir='ltr'><em>disciplina</em></span> <span class='ocrx_word' id='word_1_28' title='bbox 582 523 789 567; x_wconf 89' lang='lat' dir='ltr'>indicare</span> <span class='ocrx_word' id='word_1_29' title='bbox 843 524 956 567; x_wconf 90' lang='lat' dir='ltr'>mihi</span> <span class='ocrx_word' id='word_1_30' title='bbox 1006 525 1226 568; x_wconf 82' lang='lat' dir='ltr'>videntur</span> <span class='ocrx_word' id='word_1_31' title='bbox 1280 525 1626 569; x_wconf 88' lang='lat' dir='ltr'>Cassiodorium</span> <span class='ocrx_word' id='word_1_32' title='bbox 1674 526 1847 569; x_wconf 76' lang='lat' dir='ltr'>vidisse</span> 
     </span>
     <span class='ocr_line' id='line_1_6' title="bbox 289 594 1845 652; baseline 0.001 -14"><span class='ocrx_word' id='word_1_33' title='bbox 289 594 595 639; x_wconf 78' lang='lat' dir='ltr'>Censorinum</span> <span class='ocrx_word' id='word_1_34' title='bbox 624 610 648 637; x_wconf 92' lang='lat' dir='ltr'>e</span> <span class='ocrx_word' id='word_1_35' title='bbox 672 595 893 639; x_wconf 89' lang='lat' dir='ltr'>Varronis</span> <span class='ocrx_word' id='word_1_36' title='bbox 928 597 1271 652; x_wconf 55' lang='lat' dir='ltr'>dzkczsplswarum</span> <span class='ocrx_word' id='word_1_37' title='bbox 1305 596 1424 640; x_wconf 91' lang='lat' dir='ltr'>libro</span> <span class='ocrx_word' id='word_1_38' title='bbox 1458 598 1511 639; x_wconf 79' lang='lat' dir='ltr'>de</span> <span class='ocrx_word' id='word_1_39' title='bbox 1532 598 1703 639; x_wconf 75' lang='lat' dir='ltr'>musica</span> <span class='ocrx_word' id='word_1_40' title='bbox 1731 612 1766 640; x_wconf 92' lang='lat' dir='ltr'>c.</span> <span class='ocrx_word' id='word_1_41' title='bbox 1796 601 1845 639; x_wconf 91' lang='lat'>10</span> 
     </span>
     <span class='ocr_line' id='line_1_7' title="bbox 288 666 1844 724; baseline 0.001 -16"><span class='ocrx_word' id='word_1_42' title='bbox 288 672 334 708; x_wconf 89' lang='lat' dir='ltr'>et</span> <span class='ocrx_word' id='word_1_43' title='bbox 367 680 400 708; x_wconf 92' lang='lat' dir='ltr'>c.</span> <span class='ocrx_word' id='word_1_44' title='bbox 441 669 489 708; x_wconf 84' lang='lat'>12</span> <span class='ocrx_word' id='word_1_45' title='bbox 541 666 767 710; x_wconf 80' lang='lat' dir='ltr'>hausisse.</span> <span class='ocrx_word' id='word_1_46' title='bbox 856 668 1009 711; x_wconf 89' lang='lat' dir='ltr'>verbis</span> <span class='ocrx_word' id='word_1_47' title='bbox 1058 668 1127 710; x_wconf 88' lang='lat' dir='ltr'>‘de</span> <span class='ocrx_word' id='word_1_48' title='bbox 1172 667 1262 711; x_wconf 89' lang='lat' dir='ltr'>alia</span> <span class='ocrx_word' id='word_1_49' title='bbox 1307 674 1440 724; x_wconf 89' lang='lat' dir='ltr'>parte</span> <span class='ocrx_word' id='word_1_50' title='bbox 1482 667 1708 711; x_wconf 82' lang='lat' dir='ltr'>mathesis</span> <span class='ocrx_word' id='word_1_51' title='bbox 1752 683 1844 711; x_wconf 92' lang='lat' dir='ltr'>non</span> 
     </span>
     <span class='ocr_line' id='line_1_8' title="bbox 287 737 1847 795; baseline 0.002 -17"><span class='ocrx_word' id='word_1_52' title='bbox 287 737 595 793; x_wconf 84' lang='lat' dir='ltr'>neglegenda‘</span> <span class='ocrx_word' id='word_1_53' title='bbox 641 738 767 781; x_wconf 90' lang='lat' dir='ltr'>haud</span> <span class='ocrx_word' id='word_1_54' title='bbox 807 738 903 781; x_wconf 86' lang='lat' dir='ltr'>scio</span> <span class='ocrx_word' id='word_1_55' title='bbox 951 753 1009 781; x_wconf 88' lang='lat' dir='ltr'>an</span> <span class='ocrx_word' id='word_1_56' title='bbox 1057 746 1197 795; x_wconf 90' lang='lat' dir='ltr'>caput</span> <span class='ocrx_word' id='word_1_57' title='bbox 1234 742 1283 781; x_wconf 87' lang='grc'>13</span> <span class='ocrx_word' id='word_1_58' title='bbox 1323 738 1619 793; x_wconf 81' lang='lat' dir='ltr'><strong>intellexerit,</strong></span> <span class='ocrx_word' id='word_1_59' title='bbox 1666 740 1787 795; x_wconf 90' lang='lat' dir='ltr'>quod</span> <span class='ocrx_word' id='word_1_60' title='bbox 1822 755 1847 781; x_wconf 92' lang='lat' dir='ltr'>e</span> 
     </span>
     <span class='ocr_line' id='line_1_9' title="bbox 286 807 1845 868; baseline 0.001 -17"><span class='ocrx_word' id='word_1_61' title='bbox 286 807 508 851; x_wconf 80' lang='lat' dir='ltr'>Varronis</span> <span class='ocrx_word' id='word_1_62' title='bbox 543 809 907 865; x_wconf 80' lang='lat' dir='ltr'>Disciplinarum</span> <span class='ocrx_word' id='word_1_63' title='bbox 940 809 1057 852; x_wconf 87' lang='lat' dir='ltr'>libro</span> <span class='ocrx_word' id='word_1_64' title='bbox 1091 811 1148 852; x_wconf 85' lang='lat' dir='ltr'>de</span> <span class='ocrx_word' id='word_1_65' title='bbox 1181 809 1440 866; x_wconf 82' lang='lat' dir='ltr'><strong>geometria</strong></span> <span class='ocrx_word' id='word_1_66' title='bbox 1473 825 1574 853; x_wconf 92' lang='lat' dir='ltr'>esse</span> <span class='ocrx_word' id='word_1_67' title='bbox 1606 817 1845 868; x_wconf 84' lang='lat' dir='ltr'>sumptum</span> 
     </span>
     <span class='ocr_line' id='line_1_10' title="bbox 285 879 1086 924; baseline 0.004 -3"><span class='ocrx_word' id='word_1_68' title='bbox 285 879 410 921; x_wconf 88' lang='lat' dir='ltr'>idem</span> <span class='ocrx_word' id='word_1_69' title='bbox 445 879 764 923; x_wconf 79' lang='lat' dir='ltr'>Cassiodorius</span> <span class='ocrx_word' id='word_1_70' title='bbox 798 895 883 923; x_wconf 89' lang='lat' dir='ltr'>nos</span> <span class='ocrx_word' id='word_1_71' title='bbox 916 881 1086 924; x_wconf 88' lang='lat' dir='ltr'>docuit.</span> 
     </span>
    </p>

    <p class='ocr_par' dir='ltr' id='par_1_3' title="bbox 282 951 1846 2714">
     <span class='ocr_line' id='line_1_11' title="bbox 428 951 1845 1010; baseline 0.001 -17"><span class='ocrx_word' id='word_1_72' title='bbox 428 951 612 1005; x_wconf 74' lang='lat' dir='ltr'>Quibus</span> <span class='ocrx_word' id='word_1_73' title='bbox 645 953 782 994; x_wconf 92' lang='lat' dir='ltr'>rebus</span> <span class='ocrx_word' id='word_1_74' title='bbox 824 951 1027 1008; x_wconf 82' lang='lat' dir='ltr'>cognitis</span> <span class='ocrx_word' id='word_1_75' title='bbox 1062 966 1168 995; x_wconf 77' lang='lat' dir='ltr'>cuni</span> <span class='ocrx_word' id='word_1_76' title='bbox 1199 968 1281 1009; x_wconf 91' lang='lat' dir='ltr'>pro</span> <span class='ocrx_word' id='word_1_77' title='bbox 1315 953 1555 1010; x_wconf 81' lang='lat' dir='ltr'>explorato</span> <span class='ocrx_word' id='word_1_78' title='bbox 1588 953 1845 995; x_wconf 82' lang='lat' dir='ltr'>habeamus</span> 
     </span>
     <span class='ocr_line' id='line_1_12' title="bbox 286 1022 1846 1081; baseline 0.001 -16"><span class='ocrx_word' id='word_1_79' title='bbox 286 1037 322 1066; x_wconf 92' lang='lat' dir='ltr'>c.</span> <span class='ocrx_word' id='word_1_80' title='bbox 352 1025 416 1065; x_wconf 87' lang='lat'>13.</span> <span class='ocrx_word' id='word_1_81' title='bbox 447 1026 513 1067; x_wconf 81' lang='lat'>12.</span> <span class='ocrx_word' id='word_1_82' title='bbox 541 1026 592 1065; x_wconf 90' lang='lat'>10</span> <span class='ocrx_word' id='word_1_83' title='bbox 626 1038 649 1066; x_wconf 93' lang='lat' dir='ltr'>e</span> <span class='ocrx_word' id='word_1_84' title='bbox 673 1022 895 1067; x_wconf 82' lang='lat' dir='ltr'>Varronis</span> <span class='ocrx_word' id='word_1_85' title='bbox 927 1023 1186 1081; x_wconf 90' lang='lat' dir='ltr'>disciplinis</span> <span class='ocrx_word' id='word_1_86' title='bbox 1220 1039 1320 1068; x_wconf 93' lang='lat' dir='ltr'>esse</span> <span class='ocrx_word' id='word_1_87' title='bbox 1351 1025 1532 1078; x_wconf 81' lang='lat' dir='ltr'>hausta,</span> <span class='ocrx_word' id='word_1_88' title='bbox 1568 1024 1709 1068; x_wconf 90' lang='lat' dir='ltr'>verba</span> <span class='ocrx_word' id='word_1_89' title='bbox 1738 1038 1846 1080; x_wconf 91' lang='lat' dir='ltr'>quo-</span> 
     </span>
     <span class='ocr_line' id='line_1_13' title="bbox 283 1094 1838 1152; baseline 0.002 -17"><span class='ocrx_word' id='word_1_90' title='bbox 283 1109 372 1150; x_wconf 88' lang='lat' dir='ltr'>que</span> <span class='ocrx_word' id='word_1_91' title='bbox 405 1108 441 1138; x_wconf 88' lang='lat' dir='ltr'>c.</span> <span class='ocrx_word' id='word_1_92' title='bbox 468 1097 503 1146; x_wconf 93' lang='grc'>7,</span> <span class='ocrx_word' id='word_1_93' title='bbox 541 1098 582 1136; x_wconf 84' lang='lat'>1:</span> <span class='ocrx_word' id='word_1_94' title='bbox 617 1095 752 1151; x_wconf 89' lang='lat' dir='ltr'>‘quod</span> <span class='ocrx_word' id='word_1_95' title='bbox 777 1095 1007 1152; x_wconf 78' lang='lat' dir='ltr'>quaedam</span> <span class='ocrx_word' id='word_1_96' title='bbox 1032 1110 1220 1139; x_wconf 91' lang='lat' dir='ltr'>necesse</span> <span class='ocrx_word' id='word_1_97' title='bbox 1242 1102 1313 1139; x_wconf 89' lang='lat' dir='ltr'>est</span> <span class='ocrx_word' id='word_1_98' title='bbox 1335 1095 1392 1139; x_wconf 90' lang='lat' dir='ltr'>de</span> <span class='ocrx_word' id='word_1_99' title='bbox 1415 1094 1673 1152; x_wconf 80' lang='lat' dir='ltr'>astrologia</span> <span class='ocrx_word' id='word_1_100' title='bbox 1697 1094 1838 1138; x_wconf 88' lang='lat' dir='ltr'>musi-</span> 
     </span>
     <span class='ocr_line' id='line_1_14' title="bbox 285 1165 1841 1223; baseline 0 -15"><span class='ocrx_word' id='word_1_101' title='bbox 285 1180 429 1222; x_wconf 86' lang='lat' dir='ltr'>caque</span> <span class='ocrx_word' id='word_1_102' title='bbox 477 1172 522 1208; x_wconf 93' lang='lat' dir='ltr'>et</span> <span class='ocrx_word' id='word_1_103' title='bbox 574 1165 871 1210; x_wconf 88' lang='lat' dir='ltr'>arithmetica</span> <span class='ocrx_word' id='word_1_104' title='bbox 927 1167 1174 1223; x_wconf 86' lang='lat' dir='ltr'>attingere&#39;</span> <span class='ocrx_word' id='word_1_105' title='bbox 1236 1173 1359 1210; x_wconf 86' lang='lat' dir='ltr'>recte</span> <span class='ocrx_word' id='word_1_106' title='bbox 1418 1165 1841 1223; x_wconf 84' lang='lat' dir='ltr'>interpretabimur.</span> 
     </span>
     <span class='ocr_line' id='line_1_15' title="bbox 286 1235 1844 1294; baseline 0.001 -16"><span class='ocrx_word' id='word_1_107' title='bbox 286 1235 567 1280; x_wconf 86' lang='lat' dir='ltr'>Censorinus</span> <span class='ocrx_word' id='word_1_108' title='bbox 601 1237 677 1279; x_wconf 92' lang='lat' dir='ltr'>hic</span> <span class='ocrx_word' id='word_1_109' title='bbox 709 1238 844 1281; x_wconf 90' lang='lat' dir='ltr'>nobis</span> <span class='ocrx_word' id='word_1_110' title='bbox 877 1237 1053 1281; x_wconf 90' lang='lat' dir='ltr'>indicat</span> <span class='ocrx_word' id='word_1_111' title='bbox 1094 1253 1142 1281; x_wconf 94' lang='lat' dir='ltr'>se</span> <span class='ocrx_word' id='word_1_112' title='bbox 1175 1238 1220 1281; x_wconf 92' lang='lat' dir='ltr'>in</span> <span class='ocrx_word' id='word_1_113' title='bbox 1256 1239 1412 1281; x_wconf 87' lang='lat' dir='ltr'>animo</span> <span class='ocrx_word' id='word_1_114' title='bbox 1444 1238 1617 1281; x_wconf 90' lang='lat' dir='ltr'>habere</span> <span class='ocrx_word' id='word_1_115' title='bbox 1654 1252 1844 1294; x_wconf 89' lang='lat' dir='ltr'>sequen-</span> 
     </span>
     <span class='ocr_line' id='line_1_16' title="bbox 284 1306 1844 1365; baseline 0.001 -15"><span class='ocrx_word' id='word_1_116' title='bbox 284 1307 409 1350; x_wconf 88' lang='lat' dir='ltr'>tibus</span> <span class='ocrx_word' id='word_1_117' title='bbox 444 1306 675 1364; x_wconf 87' lang='lat' dir='ltr'>capitibus</span> <span class='ocrx_word' id='word_1_118' title='bbox 699 1310 927 1365; x_wconf 84' lang='lat' dir='ltr'>quaedam</span> <span class='ocrx_word' id='word_1_119' title='bbox 963 1310 1019 1351; x_wconf 91' lang='grc'>(10</span> <span class='ocrx_word' id='word_1_120' title='bbox 1043 1309 1298 1365; x_wconf 82' lang='lat' dir='ltr'>astrologia</span> <span class='ocrx_word' id='word_1_121' title='bbox 1331 1310 1600 1365; x_wconf 87' lang='lat' dir='ltr'>musicaque</span> <span class='ocrx_word' id='word_1_122' title='bbox 1628 1316 1675 1352; x_wconf 93' lang='lat' dir='ltr'>et</span> <span class='ocrx_word' id='word_1_123' title='bbox 1707 1309 1844 1351; x_wconf 83' lang='lat' dir='ltr'>arith-</span> 
     </span>
     <span class='ocr_line' id='line_1_17' title="bbox 283 1379 1842 1436; baseline 0.001 -15"><span class='ocrx_word' id='word_1_124' title='bbox 283 1379 453 1422; x_wconf 86' lang='lat' dir='ltr'>metica</span> <span class='ocrx_word' id='word_1_125' title='bbox 485 1379 794 1436; x_wconf 87' lang='lat' dir='ltr'>interponere.</span> <span class='ocrx_word' id='word_1_126' title='bbox 862 1381 1003 1423; x_wconf 86' lang='lat' dir='ltr'>verba</span> <span class='ocrx_word' id='word_1_127' title='bbox 1037 1381 1295 1436; x_wconf 68' lang='lat' dir='ltr'>musscaquc</span> <span class='ocrx_word' id='word_1_128' title='bbox 1327 1385 1371 1422; x_wconf 72' lang='lat' dir='ltr'>cf</span> <span class='ocrx_word' id='word_1_129' title='bbox 1401 1380 1685 1423; x_wconf 72' lang='lat' dir='ltr'>arz‘fhmefz‘ca</span> <span class='ocrx_word' id='word_1_130' title='bbox 1718 1382 1775 1422; x_wconf 87' lang='lat' dir='ltr'>ad</span> <span class='ocrx_word' id='word_1_131' title='bbox 1809 1394 1842 1422; x_wconf 92' lang='lat' dir='ltr'>c.</span> 
     </span>
     <span class='ocr_line' id='line_1_18' title="bbox 289 1451 1844 1509; baseline 0.001 -17"><span class='ocrx_word' id='word_1_132' title='bbox 289 1454 354 1495; x_wconf 85' lang='lat'>10.</span> <span class='ocrx_word' id='word_1_133' title='bbox 393 1453 458 1494; x_wconf 86' lang='lat'>12.</span> <span class='ocrx_word' id='word_1_134' title='bbox 497 1454 560 1504; x_wconf 87' lang='lat'>13,</span> <span class='ocrx_word' id='word_1_135' title='bbox 609 1465 727 1507; x_wconf 88' lang='lat' dir='ltr'>quae</span> <span class='ocrx_word' id='word_1_136' title='bbox 773 1467 797 1493; x_wconf 95' lang='lat' dir='ltr'>e</span> <span class='ocrx_word' id='word_1_137' title='bbox 828 1451 1050 1495; x_wconf 74' lang='lat' dir='ltr'>Varronis</span> <span class='ocrx_word' id='word_1_138' title='bbox 1086 1451 1357 1509; x_wconf 89' lang='lat' dir='ltr'>Disciplinis</span> <span class='ocrx_word' id='word_1_139' title='bbox 1403 1451 1634 1508; x_wconf 86' lang='lat' dir='ltr'>originem</span> <span class='ocrx_word' id='word_1_140' title='bbox 1676 1452 1844 1494; x_wconf 86' lang='lat' dir='ltr'>ducere</span> 
     </span>
     <span class='ocr_line' id='line_1_19' title="bbox 284 1521 1842 1579; baseline 0 -15"><span class='ocrx_word' id='word_1_141' title='bbox 284 1521 724 1576; x_wconf 85' lang='lat' dir='ltr'>demonstravimus,</span> <span class='ocrx_word' id='word_1_142' title='bbox 758 1521 990 1579; x_wconf 89' lang='lat' dir='ltr'>pertinere</span> <span class='ocrx_word' id='word_1_143' title='bbox 1012 1523 1314 1566; x_wconf 76' lang='lat' dir='ltr'>manifestum</span> <span class='ocrx_word' id='word_1_144' title='bbox 1338 1529 1418 1566; x_wconf 91' lang='lat' dir='ltr'>est.</span> <span class='ocrx_word' id='word_1_145' title='bbox 1462 1523 1655 1566; x_wconf 88' lang='lat' dir='ltr'>verbum</span> <span class='ocrx_word' id='word_1_146' title='bbox 1686 1529 1842 1565; x_wconf 87' lang='lat' dir='ltr'>autem</span> 
     </span>
     <span class='ocr_line' id='line_1_20' title="bbox 283 1593 1843 1651; baseline 0.001 -17"><span class='ocrx_word' id='word_1_147' title='bbox 283 1593 527 1649; x_wconf 70' lang='lat' dir='ltr'>astrologia</span> <span class='ocrx_word' id='word_1_148' title='bbox 559 1594 616 1636; x_wconf 92' lang='lat' dir='ltr'>ad</span> <span class='ocrx_word' id='word_1_149' title='bbox 643 1600 784 1651; x_wconf 88' lang='lat' dir='ltr'>caput</span> <span class='ocrx_word' id='word_1_150' title='bbox 808 1597 831 1636; x_wconf 87' lang='lat'>8</span> <span class='ocrx_word' id='word_1_151' title='bbox 866 1600 1074 1650; x_wconf 88' lang='lat' dir='ltr'>spectare</span> <span class='ocrx_word' id='word_1_152' title='bbox 1099 1609 1190 1637; x_wconf 92' lang='lat' dir='ltr'>non</span> <span class='ocrx_word' id='word_1_153' title='bbox 1215 1593 1371 1637; x_wconf 88' lang='lat' dir='ltr'>minus</span> <span class='ocrx_word' id='word_1_154' title='bbox 1395 1600 1571 1637; x_wconf 88' lang='lat' dir='ltr'>certum</span> <span class='ocrx_word' id='word_1_155' title='bbox 1596 1600 1674 1636; x_wconf 92' lang='lat' dir='ltr'>est.</span> <span class='ocrx_word' id='word_1_156' title='bbox 1725 1607 1843 1650; x_wconf 88' lang='lat' dir='ltr'>quae</span> 
     </span>
     <span class='ocr_line' id='line_1_21' title="bbox 283 1663 1841 1721; baseline -0.001 -14"><span class='ocrx_word' id='word_1_157' title='bbox 283 1678 389 1707; x_wconf 86' lang='lat' dir='ltr'>cum</span> <span class='ocrx_word' id='word_1_158' title='bbox 423 1664 488 1707; x_wconf 88' lang='lat' dir='ltr'>ita</span> <span class='ocrx_word' id='word_1_159' title='bbox 514 1663 620 1719; x_wconf 90' lang='lat' dir='ltr'>sint,</span> <span class='ocrx_word' id='word_1_160' title='bbox 653 1679 810 1707; x_wconf 91' lang='lat' dir='ltr'>nonne</span> <span class='ocrx_word' id='word_1_161' title='bbox 844 1671 914 1707; x_wconf 90' lang='lat' dir='ltr'>est</span> <span class='ocrx_word' id='word_1_162' title='bbox 954 1663 1051 1707; x_wconf 89' lang='lat' dir='ltr'>veri</span> <span class='ocrx_word' id='word_1_163' title='bbox 1085 1665 1374 1708; x_wconf 89' lang='lat' dir='ltr'>simillimum</span> <span class='ocrx_word' id='word_1_164' title='bbox 1400 1680 1437 1707; x_wconf 94' lang='lat' dir='ltr'>c.</span> <span class='ocrx_word' id='word_1_165' title='bbox 1461 1668 1485 1707; x_wconf 91' lang='lat'>8</span> <span class='ocrx_word' id='word_1_166' title='bbox 1515 1664 1841 1721; x_wconf 85' lang='lat' dir='ltr'>interpositum</span> 
     </span>
     <span class='ocr_line' id='line_1_22' title="bbox 283 1735 1842 1793; baseline 0.001 -15"><span class='ocrx_word' id='word_1_167' title='bbox 283 1737 341 1779; x_wconf 88' lang='lat' dir='ltr'>de</span> <span class='ocrx_word' id='word_1_168' title='bbox 374 1735 537 1778; x_wconf 90' lang='lat' dir='ltr'>eodem</span> <span class='ocrx_word' id='word_1_169' title='bbox 571 1736 700 1779; x_wconf 75' lang='lat' dir='ltr'>fonte</span> <span class='ocrx_word' id='word_1_170' title='bbox 723 1751 824 1779; x_wconf 90' lang='lat' dir='ltr'>esse</span> <span class='ocrx_word' id='word_1_171' title='bbox 858 1743 1098 1792; x_wconf 89' lang='lat' dir='ltr'>sumptum</span> <span class='ocrx_word' id='word_1_172' title='bbox 1133 1743 1272 1793; x_wconf 91' lang='lat' dir='ltr'>atque</span> <span class='ocrx_word' id='word_1_173' title='bbox 1297 1751 1331 1780; x_wconf 93' lang='lat' dir='ltr'>c.</span> <span class='ocrx_word' id='word_1_174' title='bbox 1361 1740 1425 1781; x_wconf 91' lang='lat'>10.</span> <span class='ocrx_word' id='word_1_175' title='bbox 1455 1739 1516 1779; x_wconf 87' lang='lat'>12.</span> <span class='ocrx_word' id='word_1_176' title='bbox 1546 1736 1622 1778; x_wconf 79' lang='lat'>13?</span> <span class='ocrx_word' id='word_1_177' title='bbox 1661 1738 1717 1778; x_wconf 90' lang='lat' dir='ltr'>H.</span> <span class='ocrx_word' id='word_1_178' title='bbox 1741 1735 1842 1779; x_wconf 90' lang='lat' dir='ltr'>Die-</span> 
     </span>
     <span class='ocr_line' id='line_1_23' title="bbox 282 1806 1842 1864; baseline 0 -14"><span class='ocrx_word' id='word_1_179' title='bbox 282 1807 436 1862; x_wconf 84' lang='lat' dir='ltr'>lesius,</span> <span class='ocrx_word' id='word_1_180' title='bbox 472 1810 514 1851; x_wconf 91' lang='lat' dir='ltr'>P.</span> <span class='ocrx_word' id='word_1_181' title='bbox 538 1807 717 1862; x_wconf 89' lang='lat' dir='ltr'>Weber,</span> <span class='ocrx_word' id='word_1_182' title='bbox 751 1809 801 1850; x_wconf 88' lang='lat' dir='ltr'>A.</span> <span class='ocrx_word' id='word_1_183' title='bbox 829 1808 973 1851; x_wconf 90' lang='lat' dir='ltr'>Hahn</span> <span class='ocrx_word' id='word_1_184' title='bbox 1007 1814 1296 1864; x_wconf 82' lang='lat' dir='ltr'>putaverunt</span> <span class='ocrx_word' id='word_1_185' title='bbox 1334 1808 1422 1851; x_wconf 90' lang='lat' dir='ltr'>hoc</span> <span class='ocrx_word' id='word_1_186' title='bbox 1455 1814 1596 1864; x_wconf 91' lang='lat' dir='ltr'>caput</span> <span class='ocrx_word' id='word_1_187' title='bbox 1629 1810 1652 1849; x_wconf 94' lang='lat'>8</span> <span class='ocrx_word' id='word_1_188' title='bbox 1692 1806 1842 1850; x_wconf 84' lang='lat' dir='ltr'>Tube-</span> 
     </span>
     <span class='ocr_line' id='line_1_24' title="bbox 283 1877 1839 1935; baseline -0.001 -13"><span class='ocrx_word' id='word_1_189' title='bbox 283 1878 385 1921; x_wconf 89' lang='lat' dir='ltr'>roni</span> <span class='ocrx_word' id='word_1_190' title='bbox 432 1893 532 1922; x_wconf 90' lang='lat' dir='ltr'>esse</span> <span class='ocrx_word' id='word_1_191' title='bbox 573 1877 908 1922; x_wconf 88' lang='lat' dir='ltr'>vindicandum</span> <span class='ocrx_word' id='word_1_192' title='bbox 951 1894 1003 1921; x_wconf 91' lang='lat' dir='ltr'>ea</span> <span class='ocrx_word' id='word_1_193' title='bbox 1049 1879 1252 1921; x_wconf 82' lang='lat' dir='ltr'>maxime</span> <span class='ocrx_word' id='word_1_194' title='bbox 1291 1879 1348 1922; x_wconf 90' lang='lat' dir='ltr'>de</span> <span class='ocrx_word' id='word_1_195' title='bbox 1387 1893 1538 1932; x_wconf 86' lang='lat' dir='ltr'>causa,</span> <span class='ocrx_word' id='word_1_196' title='bbox 1583 1879 1704 1935; x_wconf 88' lang='lat' dir='ltr'>quod</span> <span class='ocrx_word' id='word_1_197' title='bbox 1745 1893 1781 1921; x_wconf 92' lang='lat' dir='ltr'>c.</span> <span class='ocrx_word' id='word_1_198' title='bbox 1816 1881 1839 1920; x_wconf 92' lang='lat'>8</span> 
     </span>
     <span class='ocr_line' id='line_1_25' title="bbox 284 1948 1838 2006; baseline -0.001 -13"><span class='ocrx_word' id='word_1_199' title='bbox 284 1957 565 2006; x_wconf 83' lang='lat' dir='ltr'>argumento</span> <span class='ocrx_word' id='word_1_200' title='bbox 607 1950 747 1992; x_wconf 88' lang='lat' dir='ltr'>huius</span> <span class='ocrx_word' id='word_1_201' title='bbox 788 1949 1046 2006; x_wconf 89' lang='lat' dir='ltr'>logistorici</span> <span class='ocrx_word' id='word_1_202' title='bbox 1087 1949 1337 1993; x_wconf 90' lang='lat' dir='ltr'>convenire</span> <span class='ocrx_word' id='word_1_203' title='bbox 1376 1949 1571 1993; x_wconf 84' lang='lat' dir='ltr'>videtur.</span> <span class='ocrx_word' id='word_1_204' title='bbox 1635 1950 1713 1992; x_wconf 88' lang='lat' dir='ltr'>sed</span> <span class='ocrx_word' id='word_1_205' title='bbox 1747 1948 1838 1992; x_wconf 77' lang='lat' dir='ltr'>iarn</span> 
     </span>
     <span class='ocr_line' id='line_1_26' title="bbox 284 2020 1841 2078; baseline -0.001 -14"><span class='ocrx_word' id='word_1_206' title='bbox 284 2024 345 2066; x_wconf 91' lang='lat' dir='ltr'>M.</span> <span class='ocrx_word' id='word_1_207' title='bbox 379 2022 606 2075; x_wconf 81' lang='lat' dir='ltr'>Sehanz1)</span> <span class='ocrx_word' id='word_1_208' title='bbox 654 2022 742 2064; x_wconf 94' lang='lat' dir='ltr'>hoc</span> <span class='ocrx_word' id='word_1_209' title='bbox 783 2021 882 2064; x_wconf 89' lang='lat' dir='ltr'>iure</span> <span class='ocrx_word' id='word_1_210' title='bbox 928 2020 1212 2078; x_wconf 87' lang='lat' dir='ltr'>improbavit</span> <span class='ocrx_word' id='word_1_211' title='bbox 1266 2021 1338 2063; x_wconf 90' lang='lat' dir='ltr'>his</span> <span class='ocrx_word' id='word_1_212' title='bbox 1391 2021 1485 2064; x_wconf 78' lang='lat' dir='ltr'>fere</span> <span class='ocrx_word' id='word_1_213' title='bbox 1532 2020 1701 2064; x_wconf 89' lang='lat' dir='ltr'>verbis:</span> <span class='ocrx_word' id='word_1_214' title='bbox 1750 2021 1841 2063; x_wconf 84' lang='lat' dir='ltr'>‘der</span> 
     </span>
     <span class='ocr_line' id='line_1_27' title="bbox 282 2091 1839 2148; baseline -0.001 -12"><span class='ocrx_word' id='word_1_215' title='bbox 282 2092 469 2136; x_wconf 90' lang='lat' dir='ltr'>Tubero</span> <span class='ocrx_word' id='word_1_216' title='bbox 517 2092 629 2136; x_wconf 89' lang='lat' dir='ltr'>wird</span> <span class='ocrx_word' id='word_1_217' title='bbox 671 2107 707 2136; x_wconf 90' lang='lat' dir='ltr'>c.</span> <span class='ocrx_word' id='word_1_218' title='bbox 739 2095 777 2147; x_wconf 87' lang='lat'>9,</span> <span class='ocrx_word' id='word_1_219' title='bbox 815 2096 829 2135; x_wconf 94' lang='lat'>1</span> <span class='ocrx_word' id='word_1_220' title='bbox 878 2107 928 2135; x_wconf 90' lang='lat' dir='ltr'>so</span> <span class='ocrx_word' id='word_1_221' title='bbox 968 2091 1255 2148; x_wconf 65' lang='lat' dir='ltr'>efflgefiihrt,</span> <span class='ocrx_word' id='word_1_222' title='bbox 1300 2092 1390 2135; x_wconf 85' lang='lat' dir='ltr'>dass</span> <span class='ocrx_word' id='word_1_223' title='bbox 1427 2106 1535 2135; x_wconf 91' lang='lat' dir='ltr'>man</span> <span class='ocrx_word' id='word_1_224' title='bbox 1575 2092 1839 2134; x_wconf 88' lang='lat' dir='ltr'>annelnnen</span> 
     </span>
     <span class='ocr_line' id='line_1_28' title="bbox 283 2162 1837 2219; baseline -0.001 -12"><span class='ocrx_word' id='word_1_225' title='bbox 283 2165 412 2219; x_wconf 86' lang='lat' dir='ltr'>muss,</span> <span class='ocrx_word' id='word_1_226' title='bbox 467 2165 547 2207; x_wconf 89' lang='lat' dir='ltr'>der</span> <span class='ocrx_word' id='word_1_227' title='bbox 595 2165 745 2207; x_wconf 87' lang='lat' dir='ltr'>Autor</span> <span class='ocrx_word' id='word_1_228' title='bbox 792 2162 1042 2207; x_wconf 89' lang='lat' dir='ltr'>bezeichne</span> <span class='ocrx_word' id='word_1_229' title='bbox 1090 2164 1172 2206; x_wconf 89' lang='lat' dir='ltr'>das</span> <span class='ocrx_word' id='word_1_230' title='bbox 1221 2164 1468 2207; x_wconf 74' lang='lat' dir='ltr'>Auftreten</span> <span class='ocrx_word' id='word_1_231' title='bbox 1516 2162 1643 2206; x_wconf 90' lang='lat' dir='ltr'>einer</span> <span class='ocrx_word' id='word_1_232' title='bbox 1686 2177 1837 2205; x_wconf 91' lang='lat' dir='ltr'>neuen</span> 
     </span>
     <span class='ocr_line' id='line_1_29' title="bbox 284 2234 1839 2291; baseline -0.001 -13"><span class='ocrx_word' id='word_1_233' title='bbox 284 2236 474 2290; x_wconf 64' lang='lat' dir='ltr'>Quelle!</span> <span class='ocrx_word' id='word_1_234' title='bbox 538 2235 576 2277; x_wconf 92' lang='lat' dir='ltr'>si</span> <span class='ocrx_word' id='word_1_235' title='bbox 624 2234 855 2278; x_wconf 89' lang='lat' dir='ltr'>sumimus</span> <span class='ocrx_word' id='word_1_236' title='bbox 904 2249 940 2278; x_wconf 91' lang='lat' dir='ltr'>c.</span> <span class='ocrx_word' id='word_1_237' title='bbox 976 2238 999 2277; x_wconf 91' lang='lat'>8</span> <span class='ocrx_word' id='word_1_238' title='bbox 1055 2234 1287 2291; x_wconf 90' lang='lat' dir='ltr'>originem</span> <span class='ocrx_word' id='word_1_239' title='bbox 1341 2235 1510 2278; x_wconf 90' lang='lat' dir='ltr'>ducere</span> <span class='ocrx_word' id='word_1_240' title='bbox 1556 2249 1581 2277; x_wconf 92' lang='lat' dir='ltr'>e</span> <span class='ocrx_word' id='word_1_241' title='bbox 1618 2234 1839 2278; x_wconf 87' lang='lat' dir='ltr'>Varronis</span> 
     </span>
     <span class='ocr_line' id='line_1_30' title="bbox 284 2304 1839 2362; baseline -0.001 -14"><span class='ocrx_word' id='word_1_242' title='bbox 284 2306 556 2362; x_wconf 88' lang='lat' dir='ltr'>Disciplinis</span> <span class='ocrx_word' id='word_1_243' title='bbox 588 2305 761 2362; x_wconf 89' lang='lat' dir='ltr'>pariter</span> <span class='ocrx_word' id='word_1_244' title='bbox 793 2312 933 2362; x_wconf 91' lang='lat' dir='ltr'>atque</span> <span class='ocrx_word' id='word_1_245' title='bbox 962 2320 996 2349; x_wconf 94' lang='lat' dir='ltr'>c.</span> <span class='ocrx_word' id='word_1_246' title='bbox 1025 2309 1086 2349; x_wconf 90' lang='grc'>10.</span> <span class='ocrx_word' id='word_1_247' title='bbox 1115 2308 1177 2349; x_wconf 87' lang='grc'>12.</span> <span class='ocrx_word' id='word_1_248' title='bbox 1206 2309 1268 2360; x_wconf 87' lang='grc'>13,</span> <span class='ocrx_word' id='word_1_249' title='bbox 1301 2305 1418 2349; x_wconf 91' lang='lat' dir='ltr'>haec</span> <span class='ocrx_word' id='word_1_250' title='bbox 1445 2304 1699 2348; x_wconf 79' lang='lat' dir='ltr'>difficultas</span> <span class='ocrx_word' id='word_1_251' title='bbox 1723 2304 1839 2347; x_wconf 83' lang='lat' dir='ltr'>tolli-</span> 
     </span>
     <span class='ocr_line' id='line_1_31' title="bbox 283 2376 1837 2433; baseline -0.002 -13"><span class='ocrx_word' id='word_1_252' title='bbox 283 2384 368 2420; x_wconf 87' lang='lat' dir='ltr'>tur.</span> <span class='ocrx_word' id='word_1_253' title='bbox 432 2392 545 2420; x_wconf 88' lang='lat' dir='ltr'>sane</span> <span class='ocrx_word' id='word_1_254' title='bbox 584 2376 929 2420; x_wconf 89' lang='lat' dir='ltr'>dubitationem</span> <span class='ocrx_word' id='word_1_255' title='bbox 970 2377 1218 2433; x_wconf 89' lang='lat' dir='ltr'>quandam,</span> <span class='ocrx_word' id='word_1_256' title='bbox 1258 2390 1349 2433; x_wconf 89' lang='lat' dir='ltr'>qua</span> <span class='ocrx_word' id='word_1_257' title='bbox 1382 2379 1426 2420; x_wconf 90' lang='lat' dir='ltr'>P.</span> <span class='ocrx_word' id='word_1_258' title='bbox 1454 2376 1623 2421; x_wconf 90' lang='lat' dir='ltr'>Weber</span> <span class='ocrx_word' id='word_1_259' title='bbox 1656 2390 1837 2432; x_wconf 88' lang='lat' dir='ltr'>quoque</span> 
     </span>
     <span class='ocr_line' id='line_1_32' title="bbox 283 2447 1835 2503; baseline -0.002 -12"><span class='ocrx_word' id='word_1_260' title='bbox 283 2455 354 2491; x_wconf 92' lang='lat' dir='ltr'>est</span> <span class='ocrx_word' id='word_1_261' title='bbox 393 2455 666 2503; x_wconf 86' lang='lat' dir='ltr'>commotus,</span> <span class='ocrx_word' id='word_1_262' title='bbox 708 2454 760 2491; x_wconf 92' lang='lat' dir='ltr'>ut</span> <span class='ocrx_word' id='word_1_263' title='bbox 800 2463 835 2492; x_wconf 91' lang='grc'>0.</span> <span class='ocrx_word' id='word_1_264' title='bbox 870 2451 894 2490; x_wconf 89' lang='grc'>8</span> <span class='ocrx_word' id='word_1_265' title='bbox 927 2447 1167 2491; x_wconf 87' lang='lat' dir='ltr'>Tuberoni</span> <span class='ocrx_word' id='word_1_266' title='bbox 1206 2447 1493 2502; x_wconf 90' lang='lat' dir='ltr'>attribueret,</span> <span class='ocrx_word' id='word_1_267' title='bbox 1531 2447 1677 2499; x_wconf 73' lang='lat' dir='ltr'>affert,</span> <span class='ocrx_word' id='word_1_268' title='bbox 1714 2447 1835 2502; x_wconf 86' lang='lat' dir='ltr'>quod</span> 
     </span>
     <span class='ocr_line' id='line_1_33' title="bbox 283 2516 1836 2576; baseline -0.002 -14"><span class='ocrx_word' id='word_1_269' title='bbox 283 2534 315 2562; x_wconf 93' lang='grc'>0.</span> <span class='ocrx_word' id='word_1_270' title='bbox 347 2523 407 2574; x_wconf 93' lang='grc'>11,</span> <span class='ocrx_word' id='word_1_271' title='bbox 442 2522 479 2574; x_wconf 89' lang='grc'>9,</span> <span class='ocrx_word' id='word_1_272' title='bbox 511 2520 635 2576; x_wconf 90' lang='lat' dir='ltr'>quod</span> <span class='ocrx_word' id='word_1_273' title='bbox 669 2534 693 2562; x_wconf 92' lang='lat' dir='ltr'>e</span> <span class='ocrx_word' id='word_1_274' title='bbox 717 2518 968 2562; x_wconf 87' lang='lat' dir='ltr'>Tuberone</span> <span class='ocrx_word' id='word_1_275' title='bbox 1001 2533 1103 2562; x_wconf 91' lang='lat' dir='ltr'>esse</span> <span class='ocrx_word' id='word_1_276' title='bbox 1136 2525 1376 2574; x_wconf 90' lang='lat' dir='ltr'>sumptum</span> <span class='ocrx_word' id='word_1_277' title='bbox 1409 2533 1570 2561; x_wconf 90' lang='lat' dir='ltr'>omnes</span> <span class='ocrx_word' id='word_1_278' title='bbox 1594 2516 1680 2560; x_wconf 86' lang='lat' dir='ltr'>viri</span> <span class='ocrx_word' id='word_1_279' title='bbox 1713 2518 1836 2560; x_wconf 84' lang='lat' dir='ltr'>docti</span> 
     </span>
     <span class='ocr_line' id='line_1_34' title="bbox 282 2587 1836 2645; baseline -0.003 -12"><span class='ocrx_word' id='word_1_280' title='bbox 282 2589 597 2645; x_wconf 88' lang='lat' dir='ltr'>consentiunt,</span> <span class='ocrx_word' id='word_1_281' title='bbox 630 2591 687 2633; x_wconf 89' lang='lat' dir='ltr'>ad</span> <span class='ocrx_word' id='word_1_282' title='bbox 712 2604 745 2633; x_wconf 91' lang='lat' dir='ltr'>c.</span> <span class='ocrx_word' id='word_1_283' title='bbox 771 2593 795 2632; x_wconf 93' lang='lat'>8</span> <span class='ocrx_word' id='word_1_284' title='bbox 829 2590 985 2633; x_wconf 80' lang='lat' dir='ltr'>referri</span> <span class='ocrx_word' id='word_1_285' title='bbox 1018 2590 1213 2639; x_wconf 88' lang='lat' dir='ltr'>videtur.</span> <span class='ocrx_word' id='word_1_286' title='bbox 1279 2597 1434 2632; x_wconf 87' lang='lat' dir='ltr'>tamen</span> <span class='ocrx_word' id='word_1_287' title='bbox 1468 2588 1601 2631; x_wconf 80' lang='lat' dir='ltr'>facile</span> <span class='ocrx_word' id='word_1_288' title='bbox 1635 2587 1716 2630; x_wconf 79' lang='lat' dir='ltr'>tibi</span> <span class='ocrx_word' id='word_1_289' title='bbox 1740 2603 1836 2644; x_wconf 88' lang='lat' dir='ltr'>per-</span> 
     </span>
     <span class='ocr_line' id='line_1_35' title="bbox 284 2655 1836 2714; baseline -0.001 -11"><span class='ocrx_word' id='word_1_290' title='bbox 284 2662 479 2705; x_wconf 88' lang='lat' dir='ltr'>suadeas</span> <span class='ocrx_word' id='word_1_291' title='bbox 513 2661 634 2705; x_wconf 85' lang='lat' dir='ltr'>hanc</span> <span class='ocrx_word' id='word_1_292' title='bbox 665 2660 940 2705; x_wconf 92' lang='lat' dir='ltr'>relationem</span> <span class='ocrx_word' id='word_1_293' title='bbox 972 2660 1211 2704; x_wconf 86' lang='lat' dir='ltr'>Censorini</span> <span class='ocrx_word' id='word_1_294' title='bbox 1237 2655 1347 2714; x_wconf 89' lang='lat' dir='ltr'>esse,</span> <span class='ocrx_word' id='word_1_295' title='bbox 1380 2674 1470 2703; x_wconf 89' lang='lat' dir='ltr'>non</span> <span class='ocrx_word' id='word_1_296' title='bbox 1497 2659 1728 2703; x_wconf 89' lang='lat' dir='ltr'>Varronis.</span> <span class='ocrx_word' id='word_1_297' title='bbox 1763 2674 1836 2701; x_wconf 89' lang='lat' dir='ltr'>ne-</span> 
     </span>
    </p>
   </div>
   <div class='ocr_carea' id='block_1_3' title="bbox 378 2771 481 2776">
    <p class='ocr_par' dir='ltr' id='par_1_4' title="bbox 378 2771 481 2776">
     <span class='ocr_line' id='line_1_36' title="bbox 378 2771 481 2776; baseline 0 0"><span class='ocrx_word' id='word_1_298' title='bbox 378 2771 481 2776; x_wconf 95' lang='lat' dir='ltr'> </span> 
     </span>
    </p>
   </div>
   <div class='ocr_carea' id='block_1_4' title="bbox 428 2827 1050 2872">
    <p class='ocr_par' dir='ltr' id='par_1_5' title="bbox 428 2827 1050 2872">
     <span class='ocr_line' id='line_1_37' title="bbox 428 2827 1050 2872; baseline 0.002 -10"><span class='ocrx_word' id='word_1_299' title='bbox 428 2829 453 2870; x_wconf 84' lang='lat'>1)</span> <span class='ocrx_word' id='word_1_300' title='bbox 480 2827 571 2863; x_wconf 74' lang='lat' dir='ltr'>nist.</span> <span class='ocrx_word' id='word_1_301' title='bbox 599 2828 662 2863; x_wconf 78' lang='lat' dir='ltr'>utt.</span> <span class='ocrx_word' id='word_1_302' title='bbox 690 2828 791 2867; x_wconf 76' lang='lat' dir='ltr'>Rom.</span> <span class='ocrx_word' id='word_1_303' title='bbox 817 2827 886 2863; x_wconf 84' lang='lat'>1112</span> <span class='ocrx_word' id='word_1_304' title='bbox 912 2839 944 2872; x_wconf 87' lang='lat' dir='ltr'>p.</span> <span class='ocrx_word' id='word_1_305' title='bbox 972 2828 1050 2863; x_wconf 83' lang='lat'><strong>232.</strong></span> 
     </span>
    </p>
   </div>
  </div>
 </body>
</html>
