2001 3099
829 149 881 153 m.
951 126 1000 164 12
1068 148 1118 153 -

193 280 301 307 num
336 264 727 321 Chersiphroncm
762 263 1005 318 Gnosium,
1039 279 1175 320 quem
1210 264 1336 306 illam
1370 264 1533 306 aedem
1569 264 1747 307 Dianae

193 336 366 391 Ephesi
414 336 685 378 aedificasse
732 334 908 377 Plinius
953 336 1053 377 1000
1099 334 1331 391 exscripto
1371 335 1561 389 docet¹)‚
1606 335 1748 379 {uisse

193 406 284 450 veri
332 414 402 449 est
442 406 732 449 simillimum
775 407 845 449 vel
888 406 1043 462 potius
1085 413 1278 449 certum.
1348 405 1516 449 deinde
1559 405 1749 460 Ictinus,

193 477 383 520 Phidiae
436 477 654 534 aequalis,
708 493 845 534 quern
900 493 1006 520 curn
1056 478 1300 521 Callicrate
1352 478 1468 521 illud
1522 477 1749 534 templum

191 548 497 591 clarissimum
523 549 761 593 Minervae
784 550 832 592 in
856 565 959 592 arce
983 550 1274 591 Athenarum
1300 549 1563 592 condidisse
1585 555 1750 592 notum

190 627 271 675 est,
319 621 523 664 affertur.
587 619 714 663 illam
764 622 820 664 de
865 628 1038 664 noctua
1084 621 1289 663 fabulam
1335 628 1522 677 poetam
1562 635 1653 663 non
1693 635 1750 663 ex

192 694 410 745 Varrone,
456 693 536 734 sed
582 692 771 735 aliunde
810 692 1035 746 hausisse,
1075 706 1181 734 curn
1221 693 1297 734 σαί
1332 707 1422 734 11011
1462 693 1520 735 ad
1558 692 1749 739 Ictz‘mcs,

191 764 270 806 sed
304 764 360 805 ad
394 763 630 805 Minervae
663 764 723 806 sit
754 764 1060 818 referendum,
1094 764 1213 806 vidit
1246 765 1294 810 L.
1331 763 1571 817 Urlichs2).
1625 763 1747 805 idem

191 835 260 877 vir
295 833 592 877 doctissimus
624 834 819 889 monuit,
853 849 943 891 qua
976 835 1022 877 in
1048 850 1095 877 re
1119 834 1159 877 ei
1182 835 1347 891 reliqui
1370 849 1531 878 omnes
1555 833 1750 877 Ausonii

190 906 481 962 interpretes,
514 907 562 948 in
596 906 651 949 iis
686 907 733 949 C.
760 907 994 960 Hosius3),
1035 913 1145 949 sunt
1178 907 1366 961 assensi,
1400 913 1617 949 noctuam
1652 920 1752 948 esse

190 978 556 1032 intellegendam
580 978 720 1031 illam,
745 993 863 1034 quae
887 994 912 1020 a
941 978 1103 1020 Phidia
1127 977 1259 1020 iuxta
1284 985 1487 1020 statuam
1514 976 1750 1020 Minervae

191 1056 260 1091 est
293 1049 489 1105 posita4)
525 1056 570 1091 et
603 1050 659 1091 ab
683 1050 890 1092 Ausonio
924 1050 1022 1092 sive
1057 1049 1156 1092 eius
1190 1058 1378 1092 auctore
1411 1050 1572 1092 eadem
1602 1047 1647 1090 vi
1680 1047 1750 1090 in-

190 1126 365 1163 structa
411 1135 511 1163 esse
557 1120 752 1175 videtur,
801 1135 919 1177 quae
966 1122 1112 1176 vulgo
1155 1120 1282 1176 rupis
1325 1120 1475 1162 hiatui
1520 1119 1751 1174 tribuitur,

191 1207 328 1248 quem
362 1206 466 1234 cum
503 1191 707 1235 cornices
740 1193 1003 1246 vitarent-5),
1037 1193 1150 1235 alias
1184 1207 1294 1235 aves
1327 1193 1384 1234 ad
1412 1191 1665 1247 perniciem
1688 1198 1752 1233 at-

190 1264 387 1306 traxisse
420 1264 576 1305 ferunt
590 1263 632 1321 ὓ),
693 1263 893 1320 denique
927 1263 1178 1319 septimum
1211 1264 1365 1306 locum
1397 1263 1578 1305 obtinet
1611 1261 1752 1305 Dino-

190 1335 364 1379 chareS.
408 1334 485 1378 hic
508 1336 771 1377 Ausonium
803 1335 1127 1389 Dinocharem,
1157 1350 1247 1391 quo
1279 1334 1531 1377 architecto
1555 1334 1752 1376 Alexan-

191 1409 322 1450 (irum
381 1409 609 1462 Magnum
664 1422 788 1449 anno
848 1422 885 1449 a.
933 1407 1034 1450 Chr.
1083 1423 1121 1449 n.
1173 1410 1256 1449 332
1311 1406 1368 1448 ad
1421 1404 1750 1448 Alexandriam

193 1480 461 1522 metandam
510 1494 610 1521 0550
652 1493 788 1521 usum
838 1478 1014 1521 Plinius
1054 1479 1154 1521 loco
1194 1477 1425 1535 exscripto
1457 1478 1608 1531 refert,
1646 1490 1749 1519 011111

190 1550 470 1593 Timochare
511 1549 788 1604 confudisse,
828 1564 945 1603 cum,
986 1564 1104 1606 quae
1149 1549 1281 1592 nobis
1322 1550 1377 1591 de
1416 1548 1693 1590 Timochare
1726 1563 1752 1590 a

195 1622 342 1665 Plinio
366 1624 421 1664 N.
448 1624 505 1664 H.
531 1623 741 1665 XXXIV
772 1621 848 1663 148
884 1620 1054 1664 tradita
1085 1629 1205 1675 sunt,
1229 1621 1275 1663 in
1302 1620 1625 1673 Dinocharem,
1650 1633 1753 1661 con-

191 1693 388 1736 ditorem
439 1691 753 1736 Ptolomaidos
796 1694 942 1745 aulae,
979 1694 1258 1747 transferret,
1293 1706 1452 1734 omnes
1491 1690 1577 1733 viri
1618 1690 1752 1744 docti,

190 1764 268 1821 qui
302 1765 422 1807 hanc
455 1779 550 1806 rem
585 1765 855 1818 attigerunt,
890 1765 1203 1807 consentiunt.
1268 1764 1384 1806 haec
1416 1763 1540 1805 enim
1578 1761 1752 1804 Plinius

190 1838 277 1879 hoc
308 1837 410 1879 loco
443 1836 500 1878 de
533 1835 811 1878 Timochare
846 1836 999 1879 docet:
1036 1838 1271 1891 ‘magnete
1293 1833 1447 1890 lapide
1471 1833 1752 1876 architectus

191 1907 492 1950 Timochares
541 1907 850 1949 Alexandriae
895 1906 1114 1950 Arsinoes
1163 1907 1388 1963 templum
1431 1918 1753 1947 concamerare

193 1980 508 2032 inchoaverat,
556 1985 608 2021 ut
652 1979 699 2020 in
747 1993 800 2020 eo
846 1977 1147 2021 simulacrum
1188 1994 1211 2021 e
1256 1979 1372 2020 ferro
1411 1976 1611 2032 pendere
1650 1990 1753 2018 aere

195 2051 439 2094 videretur.
501 2049 765 2092 intercessit
798 2048 945 2106 ipsius
978 2065 1101 2092 mors
1137 2056 1182 2092 et
1218 2048 1469 2092 Ptolomaei
1503 2046 1640 2102 regis,
1675 2045 1752 2102 qui

192 2122 236 2164 id
277 2120 421 2164 sorori
465 2135 576 2163 suae
616 2121 817 2164 iusserat
856 2120 984 2163 fieri’.
1049 2127 1241 2177 apparet
1282 2118 1481 2162 Plinium
1522 2125 1568 2160 et
1608 2119 1751 2160 Auso-

338 2269 361 2303 1)
389 2265 431 2299 01.
459 2263 609 2298 XXXVI
630 2263 684 2298 95.
721 2263 849 2298 Strabo
869 2263 953 2298 XIV
975 2265 1002 2305 l,
1018 2263 1061 2297 22
1077 2274 1108 2308 p,
1129 2263 1207 2298 640.
1243 2263 1378 2297 Vitruv
1396 2261 1454 2295 'Vll
1480 2261 1586 2306 praef.
1608 2261 1658 2295 16.

340 2326 366 2367 2)
395 2325 415 2359 l.
435 2334 462 2358 c.
485 2333 516 2368 p.
538 2322 617 2357 472.

335 2386 360 2427 ³)
389 2385 411 2419 1.
434 2394 460 2418 0,
482 2394 516 2428 p.
536 2382 580 2417 64
599 2383 643 2417 ad
663 2393 696 2417 ν.
716 2383 784 2418 309

336 2445 363 2487 ⁴)
390 2444 431 2478 cf.
466 2443 534 2478 Dio
571 2444 758 2487 Chrysost.
796 2453 843 2477 or.
888 2443 938 2483 ll,
976 2443 996 2476 6
1028 2442 1054 2482 (l
1091 2453 1122 2486 ,1.
1157 2442 1221 2476 156
1256 2442 1372 2483 Arn.):
1410 2440 1478 2488 τῆς
1507 2452 1550 2488 γε
1584 2435 1753 2477 Φειόίου

1126 2502 1276 2558 γλαῦξ)
1311 2496 1385 2542 01¹7„
1426 2502 1755 2548 ἀπαξιώσαντος

194 2577 320 2630 αὐτὴν
360 2577 695 2630 συγκαθιδρῦσαι
734 2579 781 2628 τῇ
826 2579 919 2627 θεῷ
960 2579 997 2614 et
1029 2577 1206 2625 Hesych.
1237 2587 1269 2614 s.
1301 2587 1336 2612 v.
1374 2573 1510 2619 [2055
1548 2573 1589 2612 ἕν
1621 2572 1754 2613 πόλει·

196 2507 335 2559 τέχνης
369 2507 474 2558 παρ’
506 2505 744 2562 Ἀθηναίοις
777 2505 923 2556 ἔιυχιῑν
958 2506 1034 2556 (Sc.
1069 2505 1090 2556 ἡ

193 2649 410 2700 ,msc-ioquin·
444 2648 626 2688 ἀνέκειτο
662 2646 739 2700 γὰρ
773 2646 865 2686 ὑπὸ
905 2643 1074 2686 Φειδίου
1111 2646 1153 2684 ἓν
1189 2649 1236 2697 cg]
1271 2644 1508 2695 ἀκροπόλει.

341 2719 368 2758 5)
396 2717 428 2751 cf
467 2717 602 2751 Lucret.
631 2716 676 2750 Vl
696 2716 764 2750 749
785 2725 863 2759 sqq.

341 2777 367 2819 ὓ)
395 2775 557 2810 philostr.
587 2785 618 2809 v.
639 2775 757 2819 Apoll.
778 2774 885 2818 Tyan.
907 2773 932 2807 ΙΙ
958 2774 1008 2808 10.
