2001 3099
928 185 981 190 -.
1046 162 1100 203 66
1163 188 1219 193 „—

1113 305 1173 347 M.
1197 303 1404 348 Antonio
1438 307 1496 349 M.
1530 306 1628 348 filio
1661 308 1852 350 consule

1111 376 1373 432 appellatus
1436 383 1518 431 est,
1581 379 1703 434 quod
1762 378 1851 420 hoc

1110 461 1271 490 mense
1333 447 1390 490 ad
1453 455 1673 504 quartum
1739 450 1850 492 Idus

1110 517 1337 572 Quintilis
1387 518 1535 562 Iulius
1581 526 1849 575 procreatus

1110 588 1183 632 sit.

351 730 591 782 Augustus
619 744 789 773 nomen
824 730 1036 774 Caesare·
1169 733 1416 787 Augustus
1454 731 1623 775 deinde
1656 738 1737 787 est,
1770 731 1848 789 qui

639 815 719 844 um
751 800 974 858 sequitur.
1109 803 1299 847 Sextilis
1374 810 1511 846 antea
1582 804 1849 859 vocabatur,

293 870 538 925 Augustus
553 871 764 928 sequitur
778 880 1032 929 cognatum
1108 875 1257 918 donec
1290 874 1456 918 honori
1484 873 1690 930 Augusti
1724 875 1848 917 dare-

500 957 526 985 a
560 943 758 987 Caesare
790 958 974 1000 nomen,
1108 953 1183 989 tur
1216 962 1272 989 ex
1306 952 1496 989 senatus
1529 946 1752 989 consulto

350 1012 526 1057 Ordine
558 1013 624 1057 sic
642 1015 753 1058 anni
777 1016 1031 1072 proximus,

746 1094 798 1130 ut
830 1087 1029 1144 generis.

430 1242 525 1271 non
563 1229 799 1285 miramur,
839 1231 961 1287 quod
1001 1230 1238 1274 Ausonius
1282 1229 1550 1274 Ianuarium
1592 1237 1638 1273 et
1678 1230 1847 1273 Febru-

288 1299 436 1342 arium
471 1300 662 1357 reliquis
694 1301 935 1345 mensibus
958 1302 1238 1359 praeposuit,
1271 1302 1490 1359 quoniam
1515 1302 1727 1345 versibus
1749 1301 1845 1345 suis

287 1384 382 1414 non
422 1377 517 1414 tam
558 1371 801 1415 historiam
843 1373 953 1416 anni
990 1375 1310 1416 Romanorum
1345 1373 1564 1416 exhibere
1597 1387 1737 1430 quam
1769 1388 1847 1416 an-

287 1456 401 1485 num
435 1442 656 1500 temporis
690 1442 762 1487 sui
786 1444 998 1488 versibus
1021 1444 1384 1500 memorialibus,
1416 1459 1532 1501 quos
1565 1445 1750 1488 scholae
1782 1444 1847 1488 vi-

290 1520 459 1571 taeque
493 1514 784 1572 conscripsit,
819 1517 1073 1573 explanare
1105 1516 1266 1560 voluit.
1317 1515 1584 1573 ceteroquin
1611 1530 1716 1559 eum
1750 1530 1842 1559 non

287 1585 438 1628 solum
478 1586 666 1629 easdem
705 1586 1040 1644 explicationes
1079 1588 1324 1642 mensium,
1362 1588 1441 1631 sed
1483 1588 1623 1630 etiam
1658 1587 1841 1630 easdem

286 1656 625 1701 sententiarum
658 1656 910 1702 varietates
949 1659 1141 1703 reddere
1163 1658 1421 1716 iisdemque
1444 1659 1598 1703 verbis
1619 1658 1689 1702 uti
1721 1658 1845 1703 vide-

286 1742 403 1773 mus,
452 1735 648 1786 uterque
670 1730 810 1773 refert
833 1730 1118 1786 Ianuarium,
1152 1730 1253 1774 Iani
1278 1729 1351 1773 dei
1374 1745 1595 1785 mensem,
1617 1730 1844 1787 respicere

286 1807 332 1843 et
369 1799 650 1858 prospicere3
699 1801 851 1856 deum,
899 1800 972 1844 cui
1014 1800 1188 1845 mensis
1227 1808 1324 1845 erat
1373 1808 1681 1857 consecratus,
1728 1803 1843 1846 alter

284 1871 546 1926 bifrontem,
579 1872 696 1915 alter
728 1871 967 1929 bicipitem
1006 1871 1228 1916 nominat.
1291 1873 1415 1929 apud
1449 1879 1700 1930 utrumque
1731 1873 1842 1930 legi-

284 1957 389 1985 mus
422 1943 729 1986 Februarium
763 1959 790 1987 a
823 1946 982 1987 Numa
1013 1943 1286 1988 institutum
1317 1944 1387 1987 dis
1412 1943 1627 1987 Manibus
1660 1959 1841 1988 sacrum

284 2013 447 2061 fuisse;
513 2016 710 2058 Martem
763 2015 874 2058 olim
923 2015 1128 2073 primum
1175 2030 1384 2058 mensem
1432 2014 1634 2071 genitori
1682 2016 1841 2073 populi

286 2083 487 2128 Romani
535 2100 636 2129 esse
682 2085 901 2141 dicatum,
949 2085 1158 2143 Aprilem
1196 2093 1353 2129 autem
1395 2085 1620 2143 genetrici
1659 2086 1841 2141 Veneri,

284 2171 403 2212 quae
436 2171 494 2200 ex
526 2171 703 2213 spuma,
742 2172 881 2215 quam
916 2156 1083 2201 Graeci
1117 2159 1256 2213 ἀφρόν
1287 2167 1469 2213 vocant,
1502 2163 1613 2201 nata
1644 2172 1744 2200 esse
1776 2157 1840 2200 di-

283 2227 412 2271 citur.
496 2227 761 2272 Macrobius
810 2229 997 2286 quidem
1047 2228 1189 2272 etiam
1233 2227 1457 2274 Varronis
1505 2229 1839 2285 etymologiam

283 2305 628 2354 commemorat,
651 2300 729 2356 qui
752 2299 961 2358 Aprilem
987 2298 1220 2357 Aperilem
1243 2315 1452 2343 mensem
1474 2298 1714 2353 intellexit,
1747 2314 1839 2356 quo

283 2369 441 2413 omnia
473 2370 740 2427 aperiantur
774 2378 820 2414 et
852 2370 1127 2428 germinent.
1191 2378 1387 2428 uterque
1416 2370 1508 2414 Mai
1541 2371 1713 2414 mensis
1745 2372 1838 2414 duo

283 2440 541 2497 veriloquia
575 2440 734 2486 tradit:
769 2442 884 2485 alios
918 2457 1024 2486 eum
1048 2458 1074 2486 a
1104 2441 1367 2496 maioribus,
1400 2441 1514 2485 alios
1547 2457 1573 2484 a
1605 2441 1690 2484 dea
1714 2441 1838 2485 Maia

282 2511 584 2561 derivavisse;
632 2519 772 2569 atque
810 2512 952 2557 etiam
991 2514 1048 2557 de
1085 2528 1246 2556 mense
1278 2513 1415 2556 Iunio
1454 2513 1615 2556 eadem
1648 2513 1835 2556 docent:

280 2597 488 2626 mensem
521 2590 604 2627 aut
635 2584 693 2627 ab
718 2586 899 2628 Iunone
928 2591 1011 2628 aut
1032 2585 1090 2628 ab
1113 2583 1372 2627 iunioribus
1396 2598 1564 2626 nomen
1589 2583 1835 2640 accepisse.

281 2653 448 2697 deinde
467 2655 590 2711 apud
609 2661 860 2713 utrumque
879 2654 1103 2712 scriptum
1123 2654 1337 2699 videmus
1356 2654 1526 2697 Iulium
1545 2654 1592 2696 in
1612 2655 1837 2698 honorem

282 2725 329 2768 C.
365 2724 473 2768 Iulii
513 2725 734 2781 Caesaris,
778 2727 1052 2783 Augustum
1092 2727 1140 2768 in
1184 2726 1408 2769 honorem
1443 2723 1690 2768 Octaviani
1736 2740 1836 2769 esse

282 2795 559 2840 nominatos.
597 2796 797 2854 denique
820 2804 1017 2854 uterque
1040 2797 1175 2841 docet
1198 2803 1418 2853 quattuor
1440 2795 1628 2840 ultimos
1650 2810 1835 2840 menses
