<?xml version="1.0" encoding="UTF-8"?>
<!DOCTYPE html PUBLIC "-//W3C//DTD XHTML 1.0 Transitional//EN"
    "http://www.w3.org/TR/xhtml1/DTD/xhtml1-transitional.dtd">
<html xmlns="http://www.w3.org/1999/xhtml" xml:lang="en" lang="en">
 <head>
  <title>
</title>
<meta http-equiv="Content-Type" content="text/html;charset=utf-8" />
  <meta name='ocr-system' content='tesseract 3.04.00' />
  <meta name='ocr-capabilities' content='ocr_page ocr_carea ocr_par ocr_line ocrx_word'/>
</head>
<body>
  <div class='ocr_page' id='page_1' title='image "./devarroneetsueto00reeh_0079.png"; bbox 0 0 2001 3099; ppageno 0'>
   <div class='ocr_carea' id='block_1_1' title="bbox 815 134 1108 173">
    <p class='ocr_par' dir='ltr' id='par_1_1' title="bbox 815 134 1108 173">
     <span class='ocr_line' id='line_1_1' title="bbox 815 134 1108 173; baseline 0 -12"><span class='ocrx_word' id='word_1_1' title='bbox 815 134 990 173; x_wconf 66' lang='lat'><strong>-75</strong></span> <span class='ocrx_word' id='word_1_2' title='bbox 1056 157 1108 162; x_wconf 77' lang='grc'><strong>,-.</strong></span> 
     </span>
    </p>
   </div>
   <div class='ocr_carea' id='block_1_2' title="bbox 185 271 1755 2598">
    <p class='ocr_par' dir='ltr' id='par_1_2' title="bbox 185 271 1755 2598">
     <span class='ocr_line' id='line_1_2' title="bbox 186 271 1736 329; baseline -0.001 -14"><span class='ocrx_word' id='word_1_3' title='bbox 186 278 391 315; x_wconf 86' lang='lat' dir='ltr'><strong>ceterum</strong></span> <span class='ocrx_word' id='word_1_4' title='bbox 415 272 554 314; x_wconf 89' lang='lat' dir='ltr'><strong>etiam</strong></span> <span class='ocrx_word' id='word_1_5' title='bbox 579 277 772 328; x_wconf 89' lang='lat' dir='ltr'><strong>quartus</strong></span> <span class='ocrx_word' id='word_1_6' title='bbox 792 271 988 328; x_wconf 85' lang='lat' dir='ltr'>scriptor</span> <span class='ocrx_word' id='word_1_7' title='bbox 1005 278 1075 314; x_wconf 90' lang='lat' dir='ltr'><strong>est</strong></span> <span class='ocrx_word' id='word_1_8' title='bbox 1094 271 1421 325; x_wconf 77' lang='lat' dir='ltr'><strong>nominandus,</strong></span> <span class='ocrx_word' id='word_1_9' title='bbox 1445 271 1522 329; x_wconf 91' lang='lat' dir='ltr'><strong>qui</strong></span> <span class='ocrx_word' id='word_1_10' title='bbox 1542 273 1736 315; x_wconf 83' lang='lat' dir='ltr'><strong>eandem</strong></span> 
     </span>
     <span class='ocr_line' id='line_1_3' title="bbox 186 341 1744 399; baseline 0 -14"><span class='ocrx_word' id='word_1_11' title='bbox 186 342 335 385; x_wconf 88' lang='lat' dir='ltr'><strong>noctis</strong></span> <span class='ocrx_word' id='word_1_12' title='bbox 368 341 645 386; x_wconf 86' lang='lat' dir='ltr'><strong>divisionem</strong></span> <span class='ocrx_word' id='word_1_13' title='bbox 678 342 1017 386; x_wconf 86' lang='lat' dir='ltr'><strong>Suetonianam</strong></span> <span class='ocrx_word' id='word_1_14' title='bbox 1058 343 1262 399; x_wconf 82' lang='lat' dir='ltr'>praebet,</span> <span class='ocrx_word' id='word_1_15' title='bbox 1302 342 1454 387; x_wconf 86' lang='lat' dir='ltr'><strong>Servii</strong></span> <span class='ocrx_word' id='word_1_16' title='bbox 1496 345 1744 399; x_wconf 86' lang='lat' dir='ltr'><strong>ampliator</strong></span> 
     </span>
     <span class='ocr_line' id='line_1_4' title="bbox 185 413 1728 469; baseline -0.001 -12"><span class='ocrx_word' id='word_1_17' title='bbox 185 414 243 457; x_wconf 87' lang='lat' dir='ltr'><strong>ad</strong></span> <span class='ocrx_word' id='word_1_18' title='bbox 277 415 390 457; x_wconf 89' lang='lat' dir='ltr'><strong>Aen.</strong></span> <span class='ocrx_word' id='word_1_19' title='bbox 425 415 495 455; x_wconf 91' lang='lat' dir='ltr'><strong>III</strong></span> <span class='ocrx_word' id='word_1_20' title='bbox 531 417 596 456; x_wconf 89' lang='lat'><strong>87.</strong></span> <span class='ocrx_word' id='word_1_21' title='bbox 659 428 805 456; x_wconf 87' lang='lat' dir='ltr'><strong>unum</strong></span> <span class='ocrx_word' id='word_1_22' title='bbox 848 420 1030 456; x_wconf 85' lang='lat' dir='ltr'><strong>tantum</strong></span> <span class='ocrx_word' id='word_1_23' title='bbox 1072 414 1195 469; x_wconf 91' lang='lat' dir='ltr'><strong>apud</strong></span> <span class='ocrx_word' id='word_1_24' title='bbox 1238 414 1365 456; x_wconf 87' lang='lat' dir='ltr'><strong>hunc</strong></span> <span class='ocrx_word' id='word_1_25' title='bbox 1407 413 1728 457; x_wconf 79' lang='lat' dir='ltr'>desideramus</span> 
     </span>
     <span class='ocr_line' id='line_1_5' title="bbox 185 483 1732 540; baseline 0.001 -14"><span class='ocrx_word' id='word_1_26' title='bbox 185 483 454 539; x_wconf 87' lang='lat' dir='ltr'>diluculum,</span> <span class='ocrx_word' id='word_1_27' title='bbox 487 485 609 540; x_wconf 91' lang='lat' dir='ltr'><strong>quod</strong></span> <span class='ocrx_word' id='word_1_28' title='bbox 642 492 747 540; x_wconf 92' lang='lat' dir='ltr'><strong>post</strong></span> <span class='ocrx_word' id='word_1_29' title='bbox 780 483 1080 527; x_wconf 88' lang='lat' dir='ltr'><strong>conticinium</strong></span> <span class='ocrx_word' id='word_1_30' title='bbox 1115 491 1211 527; x_wconf 89' lang='lat' dir='ltr'><strong>erat</strong></span> <span class='ocrx_word' id='word_1_31' title='bbox 1245 485 1544 529; x_wconf 83' lang='lat' dir='ltr'><strong>afferendum.</strong></span> <span class='ocrx_word' id='word_1_32' title='bbox 1608 485 1732 528; x_wconf 89' lang='lat' dir='ltr'><strong>haud</strong></span> 
     </span>
     <span class='ocr_line' id='line_1_6' title="bbox 185 553 1740 611; baseline 0.001 -13"><span class='ocrx_word' id='word_1_33' title='bbox 185 553 279 598; x_wconf 88' lang='lat' dir='ltr'><strong>scio</strong></span> <span class='ocrx_word' id='word_1_34' title='bbox 298 569 356 597; x_wconf 85' lang='lat' dir='ltr'><strong>an</strong></span> <span class='ocrx_word' id='word_1_35' title='bbox 378 553 424 597; x_wconf 92' lang='lat' dir='ltr'><strong>id</strong></span> <span class='ocrx_word' id='word_1_36' title='bbox 444 553 746 611; x_wconf 79' lang='lat' dir='ltr'><strong>neglegentia</strong></span> <span class='ocrx_word' id='word_1_37' title='bbox 770 554 942 597; x_wconf 87' lang='lat' dir='ltr'><strong>librarii</strong></span> <span class='ocrx_word' id='word_1_38' title='bbox 967 555 1027 597; x_wconf 89' lang='lat' dir='ltr'><strong>sit</strong></span> <span class='ocrx_word' id='word_1_39' title='bbox 1049 554 1286 598; x_wconf 87' lang='lat' dir='ltr'><strong>omissum.</strong></span> <span class='ocrx_word' id='word_1_40' title='bbox 1320 555 1486 598; x_wconf 86' lang='lat' dir='ltr'><strong>deinde</strong></span> <span class='ocrx_word' id='word_1_41' title='bbox 1506 571 1541 600; x_wconf 93' lang='lat' dir='ltr'><strong>c.</strong></span> <span class='ocrx_word' id='word_1_42' title='bbox 1563 558 1632 598; x_wconf 89' lang='lat' dir='ltr'><strong>III</strong></span> <span class='ocrx_word' id='word_1_43' title='bbox 1657 559 1692 598; x_wconf 85' lang='lat'><strong>2.</strong></span> <span class='ocrx_word' id='word_1_44' title='bbox 1716 560 1740 599; x_wconf 87' lang='lat'>3</span> 
     </span>
     <span class='ocr_line' id='line_1_7' title="bbox 186 624 1737 683; baseline 0.001 -15"><span class='ocrx_word' id='word_1_45' title='bbox 186 625 416 668; x_wconf 86' lang='lat' dir='ltr'><strong>Isidorum</strong></span> <span class='ocrx_word' id='word_1_46' title='bbox 465 624 672 669; x_wconf 89' lang='lat' dir='ltr'><strong>eiusdem</strong></span> <span class='ocrx_word' id='word_1_47' title='bbox 719 626 922 669; x_wconf 88' lang='lat' dir='ltr'><strong>auctoris</strong></span> <span class='ocrx_word' id='word_1_48' title='bbox 969 626 1092 668; x_wconf 89' lang='lat' dir='ltr'><strong>docti</strong></span> <span class='ocrx_word' id='word_1_49' title='bbox 1141 625 1343 682; x_wconf 86' lang='lat' dir='ltr'><strong>vestigia</strong></span> <span class='ocrx_word' id='word_1_50' title='bbox 1384 641 1592 683; x_wconf 86' lang='lat' dir='ltr'><strong>premere</strong></span> <span class='ocrx_word' id='word_1_51' title='bbox 1634 628 1737 670; x_wconf 89' lang='lat' dir='ltr'><strong>luce</strong></span> 
     </span>
     <span class='ocr_line' id='line_1_8' title="bbox 187 695 1733 753; baseline 0 -14"><span class='ocrx_word' id='word_1_52' title='bbox 187 695 354 739; x_wconf 86' lang='lat' dir='ltr'><strong>clarius</strong></span> <span class='ocrx_word' id='word_1_53' title='bbox 393 703 473 750; x_wconf 90' lang='lat' dir='ltr'><strong>est,</strong></span> <span class='ocrx_word' id='word_1_54' title='bbox 521 711 626 739; x_wconf 91' lang='lat' dir='ltr'><strong>cum</strong></span> <span class='ocrx_word' id='word_1_55' title='bbox 665 695 741 739; x_wconf 91' lang='lat' dir='ltr'><strong>hic</strong></span> <span class='ocrx_word' id='word_1_56' title='bbox 778 697 1047 753; x_wconf 89' lang='lat' dir='ltr'><strong>episcopum</strong></span> <span class='ocrx_word' id='word_1_57' title='bbox 1088 696 1416 753; x_wconf 88' lang='lat' dir='ltr'><strong>Hispalensem</strong></span> <span class='ocrx_word' id='word_1_58' title='bbox 1459 698 1596 753; x_wconf 90' lang='lat' dir='ltr'><strong>plane</strong></span> <span class='ocrx_word' id='word_1_59' title='bbox 1630 712 1733 740; x_wconf 88' lang='lat' dir='ltr'><strong>cum</strong></span> 
     </span>
     <span class='ocr_line' id='line_1_9' title="bbox 187 767 1741 825; baseline 0.001 -16"><span class='ocrx_word' id='word_1_60' title='bbox 187 767 361 810; x_wconf 91' lang='lat' dir='ltr'><strong>Auson.</strong></span> <span class='ocrx_word' id='word_1_61' title='bbox 385 768 463 810; x_wconf 90' lang='lat' dir='ltr'><strong>ecl.</strong></span> <span class='ocrx_word' id='word_1_62' title='bbox 489 769 603 812; x_wconf 89' lang='lat' dir='ltr'>VIII</span> <span class='ocrx_word' id='word_1_63' title='bbox 639 775 685 811; x_wconf 92' lang='lat' dir='ltr'><strong>et</strong></span> <span class='ocrx_word' id='word_1_64' title='bbox 718 768 831 823; x_wconf 87' lang='lat' dir='ltr'><strong>Lyd.</strong></span> <span class='ocrx_word' id='word_1_65' title='bbox 856 768 911 810; x_wconf 92' lang='lat' dir='ltr'><strong>de</strong></span> <span class='ocrx_word' id='word_1_66' title='bbox 944 782 1087 811; x_wconf 87' lang='lat' dir='ltr'><strong>mens.</strong></span> <span class='ocrx_word' id='word_1_67' title='bbox 1112 770 1158 810; x_wconf 93' lang='lat' dir='ltr'><strong>II</strong></span> <span class='ocrx_word' id='word_1_68' title='bbox 1182 772 1206 810; x_wconf 86' lang='lat'>4</span> <span class='ocrx_word' id='word_1_69' title='bbox 1227 783 1322 825; x_wconf 87' lang='lat' dir='ltr'><strong>sqq.</strong></span> <span class='ocrx_word' id='word_1_70' title='bbox 1358 768 1622 824; x_wconf 91' lang='lat' dir='ltr'><strong>conspirare</strong></span> <span class='ocrx_word' id='word_1_71' title='bbox 1651 767 1741 810; x_wconf 84' lang='lat' dir='ltr'><strong>iam</strong></span> 
     </span>
     <span class='ocr_line' id='line_1_10' title="bbox 187 839 1743 896; baseline 0 -15"><span class='ocrx_word' id='word_1_72' title='bbox 187 853 326 894; x_wconf 89' lang='lat' dir='ltr'><strong>supra</strong></span> <span class='ocrx_word' id='word_1_73' title='bbox 359 839 626 892; x_wconf 88' lang='lat' dir='ltr'><strong>viderimus,</strong></span> <span class='ocrx_word' id='word_1_74' title='bbox 660 853 797 896; x_wconf 92' lang='lat' dir='ltr'><strong>quem</strong></span> <span class='ocrx_word' id='word_1_75' title='bbox 831 845 1080 895; x_wconf 90' lang='lat' dir='ltr'><strong>utrumque</strong></span> <span class='ocrx_word' id='word_1_76' title='bbox 1113 839 1373 882; x_wconf 83' lang='lat' dir='ltr'>doctrinam</span> <span class='ocrx_word' id='word_1_77' title='bbox 1405 839 1743 882; x_wconf 87' lang='lat' dir='ltr'><strong>Suetonianam</strong></span> 
     </span>
     <span class='ocr_line' id='line_1_11' title="bbox 188 909 1745 966; baseline 0.001 -15"><span class='ocrx_word' id='word_1_78' title='bbox 188 909 406 965; x_wconf 90' lang='lat' dir='ltr'><strong>praebere</strong></span> <span class='ocrx_word' id='word_1_79' title='bbox 439 916 616 953; x_wconf 88' lang='lat' dir='ltr'><strong>certum</strong></span> <span class='ocrx_word' id='word_1_80' title='bbox 650 916 733 954; x_wconf 88' lang='lat' dir='ltr'><strong>est.</strong></span> <span class='ocrx_word' id='word_1_81' title='bbox 758 924 794 952; x_wconf 90' lang='lat' dir='ltr'><strong>c.</strong></span> <span class='ocrx_word' id='word_1_82' title='bbox 819 911 887 954; x_wconf 92' lang='lat' dir='ltr'><strong>IV</strong></span> <span class='ocrx_word' id='word_1_83' title='bbox 913 913 949 953; x_wconf 86' lang='lat'><strong>2.</strong></span> <span class='ocrx_word' id='word_1_84' title='bbox 982 913 1020 952; x_wconf 88' lang='grc'><strong>3.</strong></span> <span class='ocrx_word' id='word_1_85' title='bbox 1054 914 1078 952; x_wconf 88' lang='grc'><strong>4</strong></span> <span class='ocrx_word' id='word_1_86' title='bbox 1113 909 1344 952; x_wconf 89' lang='lat' dir='ltr'><strong>Isidorum</strong></span> <span class='ocrx_word' id='word_1_87' title='bbox 1378 909 1626 966; x_wconf 88' lang='lat' dir='ltr'><strong>praecipue</strong></span> <span class='ocrx_word' id='word_1_88' title='bbox 1655 911 1745 953; x_wconf 86' lang='lat' dir='ltr'><strong>Au-</strong></span> 
     </span>
     <span class='ocr_line' id='line_1_12' title="bbox 190 979 1746 1037; baseline 0.001 -15"><span class='ocrx_word' id='word_1_89' title='bbox 190 980 433 1034; x_wconf 79' lang='lat' dir='ltr'><strong>gustinum</strong></span> <span class='ocrx_word' id='word_1_90' title='bbox 468 979 766 1037; x_wconf 82' lang='lat' dir='ltr'><strong>exscripsisse</strong></span> <span class='ocrx_word' id='word_1_91' title='bbox 798 979 1016 1025; x_wconf 85' lang='lat' dir='ltr'><strong>vidimus.</strong></span> <span class='ocrx_word' id='word_1_92' title='bbox 1081 981 1340 1024; x_wconf 81' lang='lat' dir='ltr'><strong>doctrinam</strong></span> <span class='ocrx_word' id='word_1_93' title='bbox 1373 996 1408 1024; x_wconf 86' lang='lat' dir='ltr'><strong>e.</strong></span> <span class='ocrx_word' id='word_1_94' title='bbox 1434 983 1487 1035; x_wconf 88' lang='lat' dir='ltr'><strong>V,</strong></span> <span class='ocrx_word' id='word_1_95' title='bbox 1520 982 1640 1037; x_wconf 90' lang='lat' dir='ltr'><strong>quod</strong></span> <span class='ocrx_word' id='word_1_96' title='bbox 1677 988 1746 1024; x_wconf 81' lang='lat' dir='ltr'><strong>est</strong></span> 
     </span>
     <span class='ocr_line' id='line_1_13' title="bbox 189 1049 1745 1106; baseline 0.001 -13"><span class='ocrx_word' id='word_1_97' title='bbox 189 1051 245 1092; x_wconf 91' lang='lat' dir='ltr'><strong>dc</strong></span> <span class='ocrx_word' id='word_1_98' title='bbox 264 1049 507 1094; x_wconf 88' lang='lat' dir='ltr'><strong>concordia</strong></span> <span class='ocrx_word' id='word_1_99' title='bbox 524 1050 766 1106; x_wconf 86' lang='lat' dir='ltr'><strong>mensium,</strong></span> <span class='ocrx_word' id='word_1_100' title='bbox 785 1051 925 1094; x_wconf 88' lang='lat' dir='ltr'><strong>nimis</strong></span> <span class='ocrx_word' id='word_1_101' title='bbox 943 1052 1235 1094; x_wconf 81' lang='lat' dir='ltr'><strong>decurtatam</strong></span> <span class='ocrx_word' id='word_1_102' title='bbox 1257 1067 1356 1095; x_wconf 91' lang='lat' dir='ltr'><strong>esse</strong></span> <span class='ocrx_word' id='word_1_103' title='bbox 1374 1051 1465 1094; x_wconf 88' lang='lat' dir='ltr'><strong>iam</strong></span> <span class='ocrx_word' id='word_1_104' title='bbox 1486 1052 1535 1095; x_wconf 88' lang='lat' dir='ltr'><strong>A.</strong></span> <span class='ocrx_word' id='word_1_105' title='bbox 1556 1051 1745 1094; x_wconf 78' lang='lat' dir='ltr'><strong>Reiffer-</strong></span> 
     </span>
     <span class='ocr_line' id='line_1_14' title="bbox 190 1121 1744 1179; baseline 0.001 -16"><span class='ocrx_word' id='word_1_106' title='bbox 190 1122 346 1164; x_wconf 87' lang='lat' dir='ltr'><strong>scheid</strong></span> <span class='ocrx_word' id='word_1_107' title='bbox 363 1126 393 1175; x_wconf 93' lang='lat'><strong>¹)</strong></span> <span class='ocrx_word' id='word_1_108' title='bbox 442 1121 613 1166; x_wconf 87' lang='lat' dir='ltr'><strong>docuit.</strong></span> <span class='ocrx_word' id='word_1_109' title='bbox 664 1137 770 1165; x_wconf 87' lang='lat' dir='ltr'><strong>nam</strong></span> <span class='ocrx_word' id='word_1_110' title='bbox 811 1123 1026 1179; x_wconf 87' lang='lat' dir='ltr'><strong>quamvis</strong></span> <span class='ocrx_word' id='word_1_111' title='bbox 1067 1122 1274 1165; x_wconf 87' lang='lat' dir='ltr'><strong>Isidorus</strong></span> <span class='ocrx_word' id='word_1_112' title='bbox 1314 1123 1438 1165; x_wconf 88' lang='lat' dir='ltr'><strong>dicat</strong></span> <span class='ocrx_word' id='word_1_113' title='bbox 1477 1137 1659 1165; x_wconf 83' lang='lat' dir='ltr'><strong>menses</strong></span> <span class='ocrx_word' id='word_1_114' title='bbox 1698 1121 1744 1165; x_wconf 92' lang='lat' dir='ltr'><strong>in</strong></span> 
     </span>
     <span class='ocr_line' id='line_1_15' title="bbox 190 1192 1746 1248; baseline 0.001 -13"><span class='ocrx_word' id='word_1_115' title='bbox 190 1194 405 1236; x_wconf 85' lang='lat' dir='ltr'><strong>horarum</strong></span> <span class='ocrx_word' id='word_1_116' title='bbox 454 1207 672 1236; x_wconf 88' lang='lat' dir='ltr'><strong>mensura</strong></span> <span class='ocrx_word' id='word_1_117' title='bbox 719 1192 839 1236; x_wconf 88' lang='lat' dir='ltr'><strong>inter</strong></span> <span class='ocrx_word' id='word_1_118' title='bbox 887 1208 936 1236; x_wconf 92' lang='lat' dir='ltr'><strong>se</strong></span> <span class='ocrx_word' id='word_1_119' title='bbox 985 1194 1275 1248; x_wconf 88' lang='lat' dir='ltr'><strong>concordare,</strong></span> <span class='ocrx_word' id='word_1_120' title='bbox 1326 1201 1480 1237; x_wconf 86' lang='lat' dir='ltr'><strong>tamen</strong></span> <span class='ocrx_word' id='word_1_121' title='bbox 1527 1194 1746 1237; x_wconf 86' lang='lat' dir='ltr'><strong>horarum</strong></span> 
     </span>
     <span class='ocr_line' id='line_1_16' title="bbox 191 1263 1747 1322; baseline 0.001 -16"><span class='ocrx_word' id='word_1_122' title='bbox 191 1278 456 1306; x_wconf 83' lang='lat' dir='ltr'><strong>mensuram</strong></span> <span class='ocrx_word' id='word_1_123' title='bbox 489 1264 750 1307; x_wconf 84' lang='lat' dir='ltr'><strong>accuratius</strong></span> <span class='ocrx_word' id='word_1_124' title='bbox 784 1279 1015 1321; x_wconf 82' lang='lat' dir='ltr'><strong>exponere</strong></span> <span class='ocrx_word' id='word_1_125' title='bbox 1048 1265 1323 1322; x_wconf 88' lang='lat' dir='ltr'><strong>supersedit.</strong></span> <span class='ocrx_word' id='word_1_126' title='bbox 1372 1264 1448 1307; x_wconf 87' lang='lat' dir='ltr'><strong>hic</strong></span> <span class='ocrx_word' id='word_1_127' title='bbox 1482 1263 1614 1308; x_wconf 86' lang='lat' dir='ltr'><strong>uobis</strong></span> <span class='ocrx_word' id='word_1_128' title='bbox 1651 1266 1747 1308; x_wconf 88' lang='lat' dir='ltr'><strong>Pal-</strong></span> 
     </span>
     <span class='ocr_line' id='line_1_17' title="bbox 192 1333 1744 1392; baseline 0.001 -16"><span class='ocrx_word' id='word_1_129' title='bbox 192 1333 352 1389; x_wconf 67' lang='lat' dir='ltr'><strong>ladius,</strong></span> <span class='ocrx_word' id='word_1_130' title='bbox 386 1334 449 1377; x_wconf 88' lang='lat' dir='ltr'><strong>rei</strong></span> <span class='ocrx_word' id='word_1_131' title='bbox 483 1335 684 1378; x_wconf 85' lang='lat' dir='ltr'><strong>rusticae</strong></span> <span class='ocrx_word' id='word_1_132' title='bbox 717 1336 924 1392; x_wconf 85' lang='lat' dir='ltr'><strong>scriptor,</strong></span> <span class='ocrx_word' id='word_1_133' title='bbox 957 1334 1131 1378; x_wconf 80' lang='lat' dir='ltr'><strong>auxilio</strong></span> <span class='ocrx_word' id='word_1_134' title='bbox 1164 1334 1305 1391; x_wconf 89' lang='lat' dir='ltr'><strong>venit,</strong></span> <span class='ocrx_word' id='word_1_135' title='bbox 1339 1335 1416 1392; x_wconf 88' lang='lat' dir='ltr'><strong>qui</strong></span> <span class='ocrx_word' id='word_1_136' title='bbox 1445 1336 1492 1378; x_wconf 91' lang='lat' dir='ltr'><strong>in</strong></span> <span class='ocrx_word' id='word_1_137' title='bbox 1523 1335 1744 1378; x_wconf 84' lang='lat' dir='ltr'><strong>librorum</strong></span> 
     </span>
     <span class='ocr_line' id='line_1_18' title="bbox 192 1405 1746 1460; baseline 0.001 -12"><span class='ocrx_word' id='word_1_138' title='bbox 192 1405 364 1448; x_wconf 78' lang='lat' dir='ltr'><strong>sinibus</strong></span> <span class='ocrx_word' id='word_1_139' title='bbox 397 1408 461 1460; x_wconf 89' lang='lat' dir='ltr'><strong>(II</strong></span> <span class='ocrx_word' id='word_1_140' title='bbox 488 1409 554 1449; x_wconf 89' lang='lat'><strong>23.</strong></span> <span class='ocrx_word' id='word_1_141' title='bbox 591 1408 661 1448; x_wconf 92' lang='lat' dir='ltr'><strong>III</strong></span> <span class='ocrx_word' id='word_1_142' title='bbox 686 1410 754 1449; x_wconf 86' lang='lat'><strong>34.</strong></span> <span class='ocrx_word' id='word_1_143' title='bbox 790 1408 857 1449; x_wconf 86' lang='lat' dir='ltr'><strong>IV</strong></span> <span class='ocrx_word' id='word_1_144' title='bbox 886 1410 945 1449; x_wconf 86' lang='grc'><strong>16.</strong></span> <span class='ocrx_word' id='word_1_145' title='bbox 979 1407 1020 1451; x_wconf 91' lang='lat' dir='ltr'>V</span> <span class='ocrx_word' id='word_1_146' title='bbox 1046 1410 1084 1450; x_wconf 87' lang='grc'><strong>9.</strong></span> <span class='ocrx_word' id='word_1_147' title='bbox 1119 1408 1184 1451; x_wconf 88' lang='lat' dir='ltr'><strong>VI</strong></span> <span class='ocrx_word' id='word_1_148' title='bbox 1214 1409 1278 1450; x_wconf 89' lang='lat'><strong>18.</strong></span> <span class='ocrx_word' id='word_1_149' title='bbox 1312 1408 1401 1451; x_wconf 86' lang='lat' dir='ltr'><strong>VII</strong></span> <span class='ocrx_word' id='word_1_150' title='bbox 1431 1408 1499 1460; x_wconf 90' lang='lat'><strong>13)</strong></span> <span class='ocrx_word' id='word_1_151' title='bbox 1529 1408 1746 1449; x_wconf 86' lang='lat' dir='ltr'><strong>horarum</strong></span> 
     </span>
     <span class='ocr_line' id='line_1_19' title="bbox 192 1476 1747 1534; baseline 0.001 -15"><span class='ocrx_word' id='word_1_152' title='bbox 192 1491 457 1520; x_wconf 87' lang='lat' dir='ltr'><strong>mensuram</strong></span> <span class='ocrx_word' id='word_1_153' title='bbox 512 1476 744 1520; x_wconf 78' lang='lat' dir='ltr'><strong>niensium</strong></span> <span class='ocrx_word' id='word_1_154' title='bbox 800 1476 1182 1520; x_wconf 82' lang='lat' dir='ltr'><strong>concordantium</strong></span> <span class='ocrx_word' id='word_1_155' title='bbox 1231 1484 1446 1521; x_wconf 87' lang='lat' dir='ltr'><strong>accurate</strong></span> <span class='ocrx_word' id='word_1_156' title='bbox 1494 1477 1747 1534; x_wconf 88' lang='lat' dir='ltr'><strong>descripsit.</strong></span> 
     </span>
     <span class='ocr_line' id='line_1_20' title="bbox 192 1547 1748 1605; baseline 0.001 -15"><span class='ocrx_word' id='word_1_157' title='bbox 192 1548 270 1590; x_wconf 91' lang='lat' dir='ltr'><strong>sed</strong></span> <span class='ocrx_word' id='word_1_158' title='bbox 312 1563 415 1590; x_wconf 90' lang='lat' dir='ltr'><strong>cum</strong></span> <span class='ocrx_word' id='word_1_159' title='bbox 453 1547 686 1591; x_wconf 88' lang='lat' dir='ltr'><strong>Palladius</strong></span> <span class='ocrx_word' id='word_1_160' title='bbox 729 1563 834 1591; x_wconf 90' lang='lat' dir='ltr'><strong>cum</strong></span> <span class='ocrx_word' id='word_1_161' title='bbox 869 1547 1048 1591; x_wconf 91' lang='lat' dir='ltr'><strong>Isidoro</strong></span> <span class='ocrx_word' id='word_1_162' title='bbox 1096 1547 1144 1591; x_wconf 89' lang='lat' dir='ltr'><strong>in</strong></span> <span class='ocrx_word' id='word_1_163' title='bbox 1178 1548 1332 1592; x_wconf 84' lang='lat' dir='ltr'><strong>verbis</strong></span> <span class='ocrx_word' id='word_1_164' title='bbox 1372 1548 1573 1605; x_wconf 87' lang='lat' dir='ltr'><strong>singulis</strong></span> <span class='ocrx_word' id='word_1_165' title='bbox 1610 1550 1748 1605; x_wconf 88' lang='lat' dir='ltr'><strong>plane</strong></span> 
     </span>
     <span class='ocr_line' id='line_1_21' title="bbox 194 1618 1748 1676; baseline 0.001 -15"><span class='ocrx_word' id='word_1_166' title='bbox 194 1618 456 1662; x_wconf 86' lang='lat' dir='ltr'><strong>consentiat</strong></span> <span class='ocrx_word' id='word_1_167' title='bbox 487 1620 560 1676; x_wconf 91' lang='lat' dir='ltr'><strong>(ut</strong></span> <span class='ocrx_word' id='word_1_168' title='bbox 591 1618 638 1662; x_wconf 90' lang='lat' dir='ltr'><strong>in</strong></span> <span class='ocrx_word' id='word_1_169' title='bbox 672 1618 824 1663; x_wconf 90' lang='lat' dir='ltr'><strong>verbis</strong></span> <span class='ocrx_word' id='word_1_170' title='bbox 858 1620 1135 1668; x_wconf 69' lang='lat' dir='ltr'><strong>concordare,</strong></span> <span class='ocrx_word' id='word_1_171' title='bbox 1171 1620 1431 1670; x_wconf 76' lang='lat' dir='ltr'><strong>consentire,</strong></span> <span class='ocrx_word' id='word_1_172' title='bbox 1473 1621 1748 1676; x_wconf 73' lang='lat' dir='ltr'><strong>respondere,</strong></span> 
     </span>
     <span class='ocr_line' id='line_1_22' title="bbox 193 1689 1750 1747; baseline 0.001 -15"><span class='ocrx_word' id='word_1_173' title='bbox 193 1689 409 1747; x_wconf 71' lang='lat' dir='ltr'><strong>aequare),</strong></span> <span class='ocrx_word' id='word_1_174' title='bbox 444 1689 856 1733; x_wconf 77' lang='lat' dir='ltr'><strong>Reifferscheidius</strong></span> <span class='ocrx_word' id='word_1_175' title='bbox 889 1705 982 1733; x_wconf 89' lang='lat' dir='ltr'><strong>non</strong></span> <span class='ocrx_word' id='word_1_176' title='bbox 1014 1697 1187 1734; x_wconf 86' lang='lat' dir='ltr'><strong>temere</strong></span> <span class='ocrx_word' id='word_1_177' title='bbox 1212 1690 1464 1734; x_wconf 89' lang='lat' dir='ltr'><strong>coniecisse</strong></span> <span class='ocrx_word' id='word_1_178' title='bbox 1486 1691 1602 1734; x_wconf 83' lang='lat' dir='ltr'><strong>mihi</strong></span> <span class='ocrx_word' id='word_1_179' title='bbox 1626 1692 1750 1735; x_wconf 89' lang='lat' dir='ltr'><strong>vide-</strong></span> 
     </span>
     <span class='ocr_line' id='line_1_23' title="bbox 196 1760 1750 1820; baseline 0.001 -17"><span class='ocrx_word' id='word_1_180' title='bbox 196 1768 270 1803; x_wconf 90' lang='lat' dir='ltr'><strong>tur</strong></span> <span class='ocrx_word' id='word_1_181' title='bbox 302 1767 551 1818; x_wconf 89' lang='lat' dir='ltr'><strong>utrumque</strong></span> <span class='ocrx_word' id='word_1_182' title='bbox 584 1760 856 1818; x_wconf 88' lang='lat' dir='ltr'><strong>scriptorem</strong></span> <span class='ocrx_word' id='word_1_183' title='bbox 889 1762 945 1804; x_wconf 90' lang='lat' dir='ltr'><strong>ad</strong></span> <span class='ocrx_word' id='word_1_184' title='bbox 980 1775 1127 1804; x_wconf 90' lang='lat' dir='ltr'><strong>unum</strong></span> <span class='ocrx_word' id='word_1_185' title='bbox 1161 1762 1455 1819; x_wconf 89' lang='lat' dir='ltr'><strong>eundemque</strong></span> <span class='ocrx_word' id='word_1_186' title='bbox 1477 1763 1750 1820; x_wconf 88' lang='lat' dir='ltr'><strong>scriptorem</strong></span> 
     </span>
     <span class='ocr_line' id='line_1_24' title="bbox 194 1832 1751 1877; baseline 0.001 -2"><span class='ocrx_word' id='word_1_187' title='bbox 194 1832 416 1875; x_wconf 87' lang='lat' dir='ltr'><strong>recedere.</strong></span> <span class='ocrx_word' id='word_1_188' title='bbox 479 1833 601 1875; x_wconf 91' lang='lat' dir='ltr'><strong>hunc</strong></span> <span class='ocrx_word' id='word_1_189' title='bbox 634 1839 791 1876; x_wconf 90' lang='lat' dir='ltr'><strong>autem</strong></span> <span class='ocrx_word' id='word_1_190' title='bbox 815 1833 1095 1877; x_wconf 88' lang='lat' dir='ltr'><strong>Suetonium</strong></span> <span class='ocrx_word' id='word_1_191' title='bbox 1124 1834 1266 1876; x_wconf 80' lang='lat' dir='ltr'><strong>fuisse</strong></span> <span class='ocrx_word' id='word_1_192' title='bbox 1289 1834 1385 1877; x_wconf 85' lang='lat' dir='ltr'><strong>veri</strong></span> <span class='ocrx_word' id='word_1_193' title='bbox 1409 1849 1501 1876; x_wconf 87' lang='lat' dir='ltr'><strong>non</strong></span> <span class='ocrx_word' id='word_1_194' title='bbox 1526 1833 1751 1877; x_wconf 88' lang='lat' dir='ltr'><strong>dissimile</strong></span> 
     </span>
     <span class='ocr_line' id='line_1_25' title="bbox 195 1902 1751 1962; baseline 0.001 -17"><span class='ocrx_word' id='word_1_195' title='bbox 195 1918 294 1946; x_wconf 85' lang='lat' dir='ltr'><strong>esse</strong></span> <span class='ocrx_word' id='word_1_196' title='bbox 325 1909 452 1959; x_wconf 91' lang='lat' dir='ltr'><strong>puto,</strong></span> <span class='ocrx_word' id='word_1_197' title='bbox 495 1902 627 1946; x_wconf 91' lang='lat' dir='ltr'><strong>cuius</strong></span> <span class='ocrx_word' id='word_1_198' title='bbox 666 1903 906 1947; x_wconf 88' lang='lat' dir='ltr'><strong>doctrinae</strong></span> <span class='ocrx_word' id='word_1_199' title='bbox 939 1904 1210 1961; x_wconf 90' lang='lat' dir='ltr'><strong>episcopum</strong></span> <span class='ocrx_word' id='word_1_200' title='bbox 1254 1905 1346 1947; x_wconf 89' lang='lat' dir='ltr'><strong>iam</strong></span> <span class='ocrx_word' id='word_1_201' title='bbox 1379 1903 1565 1962; x_wconf 88' lang='lat' dir='ltr'><strong>saepius</strong></span> <span class='ocrx_word' id='word_1_202' title='bbox 1598 1903 1644 1947; x_wconf 90' lang='lat' dir='ltr'><strong>in</strong></span> <span class='ocrx_word' id='word_1_203' title='bbox 1678 1903 1751 1947; x_wconf 90' lang='lat' dir='ltr'><strong>his</strong></span> 
     </span>
     <span class='ocr_line' id='line_1_26' title="bbox 196 1974 1752 2032; baseline 0.002 -16"><span class='ocrx_word' id='word_1_204' title='bbox 196 1974 426 2030; x_wconf 85' lang='lat' dir='ltr'><strong>capitibus</strong></span> <span class='ocrx_word' id='word_1_205' title='bbox 458 1975 658 2018; x_wconf 79' lang='lat' dir='ltr'><strong>frustula</strong></span> <span class='ocrx_word' id='word_1_206' title='bbox 690 1975 910 2032; x_wconf 86' lang='lat' dir='ltr'><strong>praebere</strong></span> <span class='ocrx_word' id='word_1_207' title='bbox 943 1974 1206 2019; x_wconf 89' lang='lat' dir='ltr'><strong>viderimus.</strong></span> <span class='ocrx_word' id='word_1_208' title='bbox 1240 1990 1375 2032; x_wconf 88' lang='lat' dir='ltr'><strong>porro</strong></span> <span class='ocrx_word' id='word_1_209' title='bbox 1407 1976 1455 2018; x_wconf 94' lang='lat' dir='ltr'><strong>in</strong></span> <span class='ocrx_word' id='word_1_210' title='bbox 1487 1991 1520 2019; x_wconf 93' lang='lat' dir='ltr'><strong>c.</strong></span> <span class='ocrx_word' id='word_1_211' title='bbox 1544 1977 1609 2020; x_wconf 93' lang='lat' dir='ltr'><strong>VI</strong></span> <span class='ocrx_word' id='word_1_212' title='bbox 1644 1990 1752 2032; x_wconf 89' lang='lat' dir='ltr'><strong>quo-</strong></span> 
     </span>
     <span class='ocr_line' id='line_1_27' title="bbox 197 2044 1752 2102; baseline 0.001 -15"><span class='ocrx_word' id='word_1_213' title='bbox 197 2059 297 2101; x_wconf 88' lang='lat' dir='ltr'><strong>que,</strong></span> <span class='ocrx_word' id='word_1_214' title='bbox 346 2059 436 2101; x_wconf 89' lang='lat' dir='ltr'><strong>quo</strong></span> <span class='ocrx_word' id='word_1_215' title='bbox 475 2045 532 2088; x_wconf 90' lang='lat' dir='ltr'><strong>de</strong></span> <span class='ocrx_word' id='word_1_216' title='bbox 570 2044 704 2088; x_wconf 90' lang='lat' dir='ltr'><strong>annis</strong></span> <span class='ocrx_word' id='word_1_217' title='bbox 744 2045 914 2102; x_wconf 87' lang='lat' dir='ltr'><strong>agitur,</strong></span> <span class='ocrx_word' id='word_1_218' title='bbox 962 2045 1130 2090; x_wconf 88' lang='lat' dir='ltr'><strong>iterum</strong></span> <span class='ocrx_word' id='word_1_219' title='bbox 1165 2046 1482 2091; x_wconf 87' lang='lat' dir='ltr'><strong>Suetonianae</strong></span> <span class='ocrx_word' id='word_1_220' title='bbox 1514 2045 1752 2090; x_wconf 84' lang='lat' dir='ltr'><strong>doctrinae</strong></span> 
     </span>
     <span class='ocr_line' id='line_1_28' title="bbox 197 2115 1753 2175; baseline 0.001 -17"><span class='ocrx_word' id='word_1_221' title='bbox 197 2115 424 2172; x_wconf 87' lang='lat' dir='ltr'><strong>reliquias,</strong></span> <span class='ocrx_word' id='word_1_222' title='bbox 464 2117 677 2173; x_wconf 90' lang='lat' dir='ltr'><strong>quamvis</strong></span> <span class='ocrx_word' id='word_1_223' title='bbox 711 2123 954 2175; x_wconf 89' lang='lat' dir='ltr'><strong>corruptae</strong></span> <span class='ocrx_word' id='word_1_224' title='bbox 986 2117 1091 2173; x_wconf 89' lang='lat' dir='ltr'><strong>sint,</strong></span> <span class='ocrx_word' id='word_1_225' title='bbox 1123 2119 1269 2161; x_wconf 89' lang='lat' dir='ltr'><strong>latere</strong></span> <span class='ocrx_word' id='word_1_226' title='bbox 1294 2118 1706 2162; x_wconf 80' lang='lat' dir='ltr'><strong>Reifferscheidius</strong></span> <span class='ocrx_word' id='word_1_227' title='bbox 1718 2118 1753 2174; x_wconf 86' lang='lat'><strong>2)</strong></span> 
     </span>
     <span class='ocr_line' id='line_1_29' title="bbox 197 2186 1752 2246; baseline 0.002 -18"><span class='ocrx_word' id='word_1_228' title='bbox 197 2186 546 2242; x_wconf 87' lang='lat' dir='ltr'><strong>demonstravit,</strong></span> <span class='ocrx_word' id='word_1_229' title='bbox 595 2202 700 2231; x_wconf 89' lang='lat' dir='ltr'><strong>cum</strong></span> <span class='ocrx_word' id='word_1_230' title='bbox 740 2188 877 2232; x_wconf 89' lang='lat' dir='ltr'><strong>simul</strong></span> <span class='ocrx_word' id='word_1_231' title='bbox 918 2204 1104 2245; x_wconf 89' lang='lat' dir='ltr'><strong>errores,</strong></span> <span class='ocrx_word' id='word_1_232' title='bbox 1153 2188 1200 2232; x_wconf 93' lang='lat' dir='ltr'><strong>in</strong></span> <span class='ocrx_word' id='word_1_233' title='bbox 1242 2204 1356 2246; x_wconf 92' lang='lat' dir='ltr'><strong>quos</strong></span> <span class='ocrx_word' id='word_1_234' title='bbox 1395 2188 1471 2233; x_wconf 90' lang='lat' dir='ltr'><strong>hic</strong></span> <span class='ocrx_word' id='word_1_235' title='bbox 1508 2189 1752 2246; x_wconf 88' lang='lat' dir='ltr'><strong>episcopus</strong></span> 
     </span>
     <span class='ocr_line' id='line_1_30' title="bbox 197 2257 1752 2318; baseline 0.003 -19"><span class='ocrx_word' id='word_1_236' title='bbox 197 2257 373 2312; x_wconf 85' lang='lat' dir='ltr'><strong>incidit,</strong></span> <span class='ocrx_word' id='word_1_237' title='bbox 407 2259 658 2315; x_wconf 82' lang='lat' dir='ltr'><strong>detegeret.</strong></span> <span class='ocrx_word' id='word_1_238' title='bbox 723 2259 888 2316; x_wconf 86' lang='lat' dir='ltr'><strong>capitis</strong></span> <span class='ocrx_word' id='word_1_239' title='bbox 912 2263 1002 2305; x_wconf 91' lang='lat' dir='ltr'><strong>VII</strong></span> <span class='ocrx_word' id='word_1_240' title='bbox 1027 2260 1232 2318; x_wconf 86' lang='lat' dir='ltr'><strong>priorem</strong></span> <span class='ocrx_word' id='word_1_241' title='bbox 1255 2267 1436 2318; x_wconf 88' lang='lat' dir='ltr'><strong>partem</strong></span> <span class='ocrx_word' id='word_1_242' title='bbox 1460 2276 1517 2304; x_wconf 84' lang='lat' dir='ltr'><strong>ex</strong></span> <span class='ocrx_word' id='word_1_243' title='bbox 1539 2261 1752 2304; x_wconf 87' lang='lat' dir='ltr'><strong>Ambros.</strong></span> 
     </span>
     <span class='ocr_line' id='line_1_31' title="bbox 199 2329 1737 2389; baseline 0.001 -16"><span class='ocrx_word' id='word_1_244' title='bbox 199 2329 446 2373; x_wconf 82' lang='lat' dir='ltr'><strong>Exaemeri</strong></span> <span class='ocrx_word' id='word_1_245' title='bbox 471 2331 537 2374; x_wconf 92' lang='lat' dir='ltr'><strong>IV</strong></span> <span class='ocrx_word' id='word_1_246' title='bbox 556 2333 592 2385; x_wconf 89' lang='lat'><strong>5,</strong></span> <span class='ocrx_word' id='word_1_247' title='bbox 617 2335 665 2373; x_wconf 85' lang='lat'><strong>21</strong></span> <span class='ocrx_word' id='word_1_248' title='bbox 704 2346 803 2374; x_wconf 91' lang='lat' dir='ltr'><strong>esse</strong></span> <span class='ocrx_word' id='word_1_249' title='bbox 827 2339 1063 2389; x_wconf 88' lang='lat' dir='ltr'><strong>sumptam</strong></span> <span class='ocrx_word' id='word_1_250' title='bbox 1087 2332 1294 2375; x_wconf 90' lang='lat' dir='ltr'><strong>Isidorus</strong></span> <span class='ocrx_word' id='word_1_251' title='bbox 1322 2331 1421 2389; x_wconf 89' lang='lat' dir='ltr'><strong>ipse</strong></span> <span class='ocrx_word' id='word_1_252' title='bbox 1445 2338 1602 2389; x_wconf 90' lang='lat' dir='ltr'><strong>aperte</strong></span> <span class='ocrx_word' id='word_1_253' title='bbox 1625 2330 1737 2374; x_wconf 88' lang='lat' dir='ltr'><strong>dicit</strong></span> 
     </span>
     <span class='ocr_line' id='line_1_32' title="bbox 198 2398 1752 2460; baseline 0.002 -18"><span class='ocrx_word' id='word_1_254' title='bbox 198 2398 290 2442; x_wconf 91' lang='lat' dir='ltr'><strong>iam</strong></span> <span class='ocrx_word' id='word_1_255' title='bbox 332 2399 379 2442; x_wconf 88' lang='lat' dir='ltr'><strong>in</strong></span> <span class='ocrx_word' id='word_1_256' title='bbox 426 2401 571 2444; x_wconf 85' lang='lat' dir='ltr'><strong>altera</strong></span> <span class='ocrx_word' id='word_1_257' title='bbox 617 2409 759 2458; x_wconf 84' lang='lat' dir='ltr'><strong>parte,</strong></span> <span class='ocrx_word' id='word_1_258' title='bbox 807 2418 924 2459; x_wconf 88' lang='lat' dir='ltr'><strong>quae</strong></span> <span class='ocrx_word' id='word_1_259' title='bbox 963 2410 1034 2446; x_wconf 89' lang='lat' dir='ltr'><strong>est</strong></span> <span class='ocrx_word' id='word_1_260' title='bbox 1071 2403 1127 2446; x_wconf 89' lang='lat' dir='ltr'><strong>de</strong></span> <span class='ocrx_word' id='word_1_261' title='bbox 1165 2402 1329 2460; x_wconf 86' lang='lat' dir='ltr'><strong>spatiis</strong></span> <span class='ocrx_word' id='word_1_262' title='bbox 1369 2401 1501 2457; x_wconf 89' lang='lat' dir='ltr'><strong>veris,</strong></span> <span class='ocrx_word' id='word_1_263' title='bbox 1549 2402 1752 2456; x_wconf 85' lang='lat' dir='ltr'><strong>aestatis,</strong></span> 
     </span>
     <span class='ocr_line' id='line_1_33' title="bbox 198 2470 1755 2530; baseline 0.002 -17"><span class='ocrx_word' id='word_1_264' title='bbox 198 2470 430 2525; x_wconf 85' lang='lat' dir='ltr'><strong>autumni,</strong></span> <span class='ocrx_word' id='word_1_265' title='bbox 463 2471 643 2526; x_wconf 79' lang='lat' dir='ltr'><strong>hiemis,</strong></span> <span class='ocrx_word' id='word_1_266' title='bbox 677 2473 935 2517; x_wconf 87' lang='lat' dir='ltr'><strong>doctrinam</strong></span> <span class='ocrx_word' id='word_1_267' title='bbox 969 2474 1309 2518; x_wconf 85' lang='lat' dir='ltr'><strong>Suetonianam</strong></span> <span class='ocrx_word' id='word_1_268' title='bbox 1341 2488 1583 2530; x_wconf 91' lang='lat' dir='ltr'><strong>superesse</strong></span> <span class='ocrx_word' id='word_1_269' title='bbox 1606 2472 1755 2517; x_wconf 90' lang='lat' dir='ltr'><strong>conie-</strong></span> 
     </span>
     <span class='ocr_line' id='line_1_34' title="bbox 205 2543 1752 2598; baseline 0.002 -13"><span class='ocrx_word' id='word_1_270' title='bbox 205 2543 268 2585; x_wconf 86' lang='lat' dir='ltr'><strong>cit</strong></span> <span class='ocrx_word' id='word_1_271' title='bbox 303 2545 357 2585; x_wconf 96' lang='lat' dir='ltr'><strong>A.</strong></span> <span class='ocrx_word' id='word_1_272' title='bbox 393 2543 784 2598; x_wconf 76' lang='lat' dir='ltr'><strong>Reifferscheid3).</strong></span> <span class='ocrx_word' id='word_1_273' title='bbox 848 2545 929 2588; x_wconf 89' lang='lat' dir='ltr'><strong>sed</strong></span> <span class='ocrx_word' id='word_1_274' title='bbox 968 2560 1063 2588; x_wconf 88' lang='lat' dir='ltr'><strong>rem</strong></span> <span class='ocrx_word' id='word_1_275' title='bbox 1111 2560 1205 2588; x_wconf 92' lang='lat' dir='ltr'><strong>non</strong></span> <span class='ocrx_word' id='word_1_276' title='bbox 1243 2545 1309 2588; x_wconf 89' lang='lat' dir='ltr'><strong>ita</strong></span> <span class='ocrx_word' id='word_1_277' title='bbox 1347 2559 1446 2587; x_wconf 88' lang='lat' dir='ltr'><strong>sese</strong></span> <span class='ocrx_word' id='word_1_278' title='bbox 1484 2544 1655 2588; x_wconf 85' lang='lat' dir='ltr'><strong>habere</strong></span> <span class='ocrx_word' id='word_1_279' title='bbox 1694 2561 1752 2589; x_wconf 85' lang='lat' dir='ltr'><strong>ex</strong></span> 
     </span>
    </p>
   </div>
   <div class='ocr_carea' id='block_1_3' title="bbox 345 2650 871 2755">
    <p class='ocr_par' dir='ltr' id='par_1_3' title="bbox 345 2650 871 2755">
     <span class='ocr_line' id='line_1_35' title="bbox 346 2650 871 2697; baseline 0.004 -13"><span class='ocrx_word' id='word_1_280' title='bbox 346 2650 374 2695; x_wconf 87' lang='lat'><strong>¹)</strong></span> <span class='ocrx_word' id='word_1_281' title='bbox 399 2651 420 2685; x_wconf 95' lang='lat' dir='ltr'><strong>l.</strong></span> <span class='ocrx_word' id='word_1_282' title='bbox 447 2660 476 2685; x_wconf 92' lang='lat' dir='ltr'><strong>c.</strong></span> <span class='ocrx_word' id='word_1_283' title='bbox 503 2662 537 2696; x_wconf 91' lang='lat' dir='ltr'><strong>p.</strong></span> <span class='ocrx_word' id='word_1_284' title='bbox 563 2651 633 2687; x_wconf 87' lang='grc'><strong>433</strong></span> <span class='ocrx_word' id='word_1_285' title='bbox 657 2655 693 2687; x_wconf 82' lang='lat' dir='ltr'><strong>et</strong></span> <span class='ocrx_word' id='word_1_286' title='bbox 724 2652 790 2688; x_wconf 87' lang='grc'><strong>168</strong></span> <span class='ocrx_word' id='word_1_287' title='bbox 818 2662 871 2697; x_wconf 89' lang='lat' dir='ltr'><strong>sq.</strong></span> 
     </span>
     <span class='ocr_line' id='line_1_36' title="bbox 345 2708 646 2755; baseline 0.01 -12"><span class='ocrx_word' id='word_1_288' title='bbox 345 2708 372 2753; x_wconf 87' lang='lat'><strong>²)</strong></span> <span class='ocrx_word' id='word_1_289' title='bbox 399 2708 422 2744; x_wconf 96' lang='lat' dir='ltr'><strong>l.</strong></span> <span class='ocrx_word' id='word_1_290' title='bbox 449 2718 477 2745; x_wconf 93' lang='lat' dir='ltr'><strong>c.</strong></span> <span class='ocrx_word' id='word_1_291' title='bbox 507 2720 540 2755; x_wconf 91' lang='lat' dir='ltr'><strong>p.</strong></span> <span class='ocrx_word' id='word_1_292' title='bbox 567 2710 646 2746; x_wconf 84' lang='lat'><strong>430.</strong></span> 
     </span>
    </p>
   </div>
   <div class='ocr_carea' id='block_1_4' title="bbox 344 2772 646 2818">
    <p class='ocr_par' dir='ltr' id='par_1_4' title="bbox 344 2772 646 2818">
     <span class='ocr_line' id='line_1_37' title="bbox 344 2772 646 2818; baseline -0.003 -10"><span class='ocrx_word' id='word_1_293' title='bbox 344 2774 374 2818; x_wconf 90' lang='lat'><strong>³)</strong></span> <span class='ocrx_word' id='word_1_294' title='bbox 400 2773 422 2808; x_wconf 93' lang='lat' dir='ltr'><strong>l.</strong></span> <span class='ocrx_word' id='word_1_295' title='bbox 448 2782 477 2808; x_wconf 91' lang='lat' dir='ltr'><strong>c.</strong></span> <span class='ocrx_word' id='word_1_296' title='bbox 506 2782 539 2818; x_wconf 89' lang='lat' dir='ltr'><strong>p.</strong></span> <span class='ocrx_word' id='word_1_297' title='bbox 566 2772 646 2808; x_wconf 89' lang='grc'><strong>433.</strong></span> 
     </span>
    </p>
   </div>
  </div>
 </body>
</html>
