2001 3099
843 133 1132 172 -33-

215 285 314 314 esse
360 277 499 326 atque
538 270 752 327 Equirria
800 270 895 314 veri
945 278 1015 314 est
1052 270 1276 325 simile¹)),
1326 269 1568 325 Liberalia,
1616 270 1761 324 Quin-

216 341 408 397 quatria,
447 342 542 384 ludi
578 341 887 398 Megalesiaci,
925 342 1022 384 ludi
1058 342 1273 396 Florales,
1311 342 1494 384 Natalis
1535 340 1763 395 Mercurii,

215 411 479 463 solstitium,
526 413 623 454 ludi
662 412 967 469 Apollinares,
1014 412 1312 469 Neptunalia,
1350 412 1533 456 Natalis
1572 412 1764 466 Dianae,

215 482 500 538 Vulcanalia,
541 484 718 535 bruma,
751 483 1028 539 Saturnalia,
1060 498 1267 527 munera.
1330 484 1411 526 sed
1443 483 1765 526 desiderantur

215 555 303 597 hae
356 561 534 611 septem
586 554 727 598 feriae
781 556 838 598 ab
886 555 1096 598 Ausonio
1143 555 1419 611 explicatae:
1474 554 1764 608 Matronalia,

216 627 380 669 Nonae
427 626 717 683 Caprotinae,
770 626 1117 683 aequinoctium
1164 627 1363 676 vernale,
1416 625 1762 682 aequinoctium

215 698 498 752 autumnale,
537 697 715 754 Opalia,
755 698 1016 753 Consualia,
1049 697 1300 754 Sigillaria.
1365 696 1581 755 quamvis
1613 695 1763 753 primo

215 768 382 811 obtutu
434 769 671 811 Ausonius
735 768 818 812 tibi
882 768 1095 812 videatur
1157 768 1384 825 imprimis
1446 769 1590 811 fastos
1653 781 1765 810 suae

215 839 382 882 aetatis
421 854 521 883 esse
552 846 751 894 secutus,
795 854 898 883 cum
932 839 1260 896 duodeviginti
1292 838 1448 894 ferias,
1489 853 1608 896 quae
1641 838 1765 894 apud

218 909 504 954 Philocalum
551 911 863 968 reperiuntur,
910 918 1167 966 enumeret,
1221 917 1377 954 tamen
1423 910 1562 953 simul
1610 916 1762 952 tecum

217 980 477 1024 consideres
526 988 596 1025 est
642 997 830 1025 necesse
877 982 960 1025 has
1013 981 1339 1038 duodeviginti
1387 981 1524 1024 ferias
1571 995 1763 1038 parvam

217 1058 400 1095 tantum
451 1059 630 1109 partem
685 1053 894 1096 omnium
942 1054 1159 1097 feriarum
1212 1069 1238 1096 a
1288 1052 1523 1095 Philocalo
1571 1066 1766 1095 comme-

217 1131 498 1167 moratarum
538 1126 696 1168 facere.
760 1140 850 1182 qua
890 1126 947 1168 de
985 1140 1125 1169 causa
1164 1126 1317 1181 magis
1356 1124 1596 1179 miramur,
1642 1124 1764 1180 quod

216 1194 263 1237 in
326 1195 458 1239 fastis
528 1196 765 1251 Philocali,
837 1211 952 1253 quos
1015 1212 1108 1240 non
1176 1198 1327 1240 solum
1390 1210 1550 1239 omnes
1614 1193 1765 1249 ferias,

216 1281 335 1322 quae
397 1273 496 1310 tum
549 1268 821 1324 agebantur,
883 1268 962 1311 sed
1017 1268 1157 1311 etiam
1218 1269 1374 1324 plures
1425 1267 1618 1310 reddere
1668 1265 1765 1310 veri

217 1344 286 1380 est
333 1336 633 1393 simillimum,
680 1339 787 1381 illae
832 1345 1011 1395 septem
1054 1339 1130 1382 vel
1173 1338 1329 1395 potius
1374 1338 1580 1395 quinque
1626 1336 1766 1380 feriae

217 1411 344 1461 (nam
383 1408 677 1465 aequinoctia
717 1425 816 1452 esse
855 1409 1128 1467 excipienda
1165 1408 1394 1464 videntur,
1433 1409 1605 1465 quippe
1637 1422 1767 1465 quae,

219 1479 433 1535 quamvis
457 1479 504 1522 in
538 1480 670 1523 fastis
697 1480 917 1523 Philocali
950 1496 1042 1524 non
1077 1480 1389 1535 inveniantur,
1420 1479 1468 1523 in
1502 1479 1603 1523 aliis
1636 1479 1768 1523 fastis

220 1551 456 1606 Romanis,
504 1558 556 1594 ut
601 1551 650 1594 in
697 1551 788 1595 illis
833 1552 1015 1595 duobus
1053 1551 1345 1608 menologiis,
1393 1566 1511 1608 quae
1549 1551 1768 1593 dicuntur

217 1621 402 1677 rustica,
440 1621 535 1665 sint
573 1622 728 1680 allata)
773 1623 1108 1667 desiderantur.
1172 1623 1338 1666 harum
1378 1621 1524 1678 igitur
1563 1622 1768 1678 quinque

217 1693 435 1736 feriarum
484 1692 727 1737 historiam
766 1693 1002 1737 Ausonius
1050 1709 1331 1750 cognoscere
1377 1708 1471 1736 non
1519 1692 1672 1750 potuit
1710 1707 1767 1735 ex

218 1765 350 1807 fastis
383 1764 458 1808 vel
491 1779 549 1807 ex
581 1779 669 1808 usu
703 1765 842 1812 vitae.
905 1766 1134 1809 accedunt
1166 1772 1324 1809 autem
1358 1779 1441 1808 eae
1466 1765 1619 1819 feriae,
1652 1779 1767 1820 quas

217 1835 264 1878 in
309 1836 440 1879 fastis
481 1835 702 1879 Philocali
749 1851 807 1879 ex
852 1836 1024 1880 tabulis
1069 1835 1269 1895 publicis
1314 1836 1640 1880 tantummodo
1678 1850 1769 1877 me-

218 1907 391 1950 moriae
429 1921 568 1950 causa
605 1921 704 1951 esse
736 1908 941 1964 prolatas
973 1908 1071 1952 veri
1104 1915 1175 1952 est
1205 1906 1369 1952 simile.
1434 1922 1546 1950 sane
1578 1906 1768 1948 difficile

219 1984 291 2021 est
322 1978 484 2033 dicere,
517 1993 635 2035 quae
667 1979 807 2022 feriae
841 1993 898 2022 ex
929 1978 1020 2022 illis
1052 1978 1380 2035 duodeviginti
1412 1977 1536 2021 feriis
1558 1992 1651 2020 non
1676 1976 1766 2019 iam

219 2047 315 2092 sint
352 2056 495 2092 actae.
558 2050 640 2093 sed
674 2049 985 2106 Regifugium
1031 2056 1078 2094 et
1116 2049 1332 2107 Equirria
1372 2049 1465 2092 iam
1509 2047 1768 2092 exolevisse

218 2134 301 2176 pro
334 2127 457 2164 certo
489 2121 728 2166 habemus.
793 2120 962 2178 quibus
995 2122 1139 2165 addas
1166 2136 1243 2164 eas
1266 2121 1415 2176 ferias,
1448 2135 1563 2178 quas
1585 2118 1631 2161 in
1656 2119 1768 2161 urbe

221 2193 372 2234 Roma
410 2192 507 2235 sola
547 2206 646 2236 esse
686 2193 939 2236 celebratas
978 2199 1172 2247 constat,
1214 2199 1268 2236 ut
1305 2193 1439 2235 ludos
1477 2191 1768 2248 Apollinares

221 2269 268 2305 et
300 2263 607 2318 Megalenses.
671 2262 810 2306 etiam
851 2263 1018 2306 harum
1056 2263 1275 2307 feriarum
1313 2261 1555 2306 historiam
1591 2277 1647 2304 ex
1680 2275 1768 2302 usu

221 2332 345 2376 vitae
378 2348 566 2376 noscere
598 2348 692 2376 non
719 2333 885 2390 potuit.
949 2335 1153 2391 reliquae
1176 2334 1323 2390 igitur
1344 2333 1497 2388 feriae,
1529 2332 1576 2374 in
1600 2331 1768 2388 quibus

222 2404 470 2447 afferendis
503 2404 739 2448 Ausonius
777 2406 917 2448 etiam
958 2404 1090 2448 fastis
1130 2405 1351 2461 temporis
1390 2403 1462 2446 sui
1503 2403 1568 2446 uti
1603 2403 1769 2459 potuit,

222 2483 332 2519 sunt
369 2476 457 2519 hae
495 2477 607 2518 fere:
649 2476 937 2532 Compitalia,
976 2475 1160 2519 Natalis
1198 2475 1427 2529 Herculis,
1468 2473 1604 2517 Isidis
1644 2472 1770 2515 navi-

223 2547 365 2602 gium,
399 2547 643 2601 Liberalia,
678 2548 1014 2603 Quinquatrus,
1046 2547 1144 2589 ludi
1179 2547 1396 2600 Florales,
1437 2545 1619 2588 Natalis
1654 2547 1769 2586 Mer-

224 2617 395 2672 curii2),
433 2619 733 2675 Neptunalia,
782 2618 965 2661 Natalis
1006 2617 1240 2675 Dianae2),
1277 2617 1564 2670 Vulcanalia,
1611 2617 1770 2660 Satur-

369 2727 394 2768 l)
421 2726 462 2760 cf.
491 2725 533 2760 G.
554 2725 728 2760 Wissowa
755 2726 774 2759 l.
795 2736 822 2760 c.
851 2736 883 2770 p.
903 2725 971 2760 448
998 2725 1076 2761 adn.
1096 2725 1127 2759 2.

366 2785 392 2829 2)
419 2787 493 2819 veri
520 2787 574 2820 est
600 2785 715 2819 simile
741 2785 884 2829 poetam
912 2785 1065 2819 maxime
1089 2784 1261 2819 Martialis
1289 2784 1451 2818 versibus
1479 2781 1551 2826 (XII
1576 2781 1632 2823 67,
1660 2782 1674 2816 l
1702 2782 1769 2826 sq.)

1631 2840 1675 2876 6&
