2001 3099
851 127 1141 165 —28-

217 262 309 303 tius
327 262 662 317 examinamus,
687 264 773 306 hoc
796 278 980 307 carmen
1005 280 1097 308 non
1121 266 1177 308 de
1195 268 1408 323 planetis,
1428 283 1566 325 quem
1585 270 1774 313 titulum

219 330 436 388 Peiperus
469 333 515 375 in
551 341 778 390 apparatu
813 335 971 379 critico
999 338 1229 394 proponit,
1263 340 1343 381 sed
1373 340 1430 382 de
1452 355 1576 383 anno
1598 355 1773 398 magno

216 402 347 445 uobis
380 402 566 447 videtur
604 404 953 450 inscribendum
993 423 1103 451 esse.
1168 424 1277 452 nam
1318 411 1583 455 referuntur
1616 412 1773 456 omnia

216 480 435 530 tempora,
459 490 577 532 quae
602 477 819 533 planetae
836 486 1015 535 septem
1034 480 1245 535 volvunt,
1263 482 1319 524 ad
1340 496 1515 526 annum
1534 498 1773 540 magnum,

215 560 364 602 neque
397 547 493 590 ulla
525 547 615 590 alia
649 548 778 592 notio
812 549 921 593 huic
945 552 1134 607 eclogae
1158 559 1229 595 est
1251 553 1461 597 subiecta
1484 553 1573 597 nisi
1596 570 1770 598 annum

214 631 441 673 magnum
476 634 533 661 ex
565 620 755 663 orbibus
787 622 1083 678 planetarum
1107 630 1285 680 septem
1311 625 1494 668 confici:
1530 627 1586 669 de
1610 628 1772 670 eodem

213 695 371 731 autem
406 704 530 732 anno
562 705 736 746 magno
770 691 893 735 idem
926 695 1063 737 docet
1086 695 1368 739 Censorinus
1402 697 1457 739 de
1491 698 1533 739 d.
1558 713 1600 740 n.
1630 702 1693 752 18,
1722 702 1766 740 11

212 759 424 815 pluribus
466 761 639 805 verbis:
691 771 786 817 „est
833 773 1070 820 praeterea
1114 781 1275 821 annus,
1319 782 1457 824 quem
1497 769 1772 813 Aristoteles

212 830 471 875 maximum
510 833 666 889 potius
707 850 844 891 quam
887 851 1114 893 magnum
1150 840 1366 894 appellat,
1406 854 1543 896 quem
1584 841 1693 884 solis
1727 848 1773 884 et

211 903 350 945 lunae
374 919 697 962 vagarumque
721 906 926 964 quinque
950 910 1188 952 stellarum
1216 911 1349 953 orbes
1374 911 1641 967 conficiunt,
1665 927 1770 956 cum

212 974 266 1016 ad
292 974 335 1017 id
369 974 572 1031 signum,
607 977 686 1020 ubi
711 980 947 1034 quondam
977 981 1115 1023 simul
1138 982 1340 1037 fuerunt,
1375 997 1469 1026 una
1492 984 1771 1039 referuntur3

212 1045 343 1088 cuius
377 1046 486 1089 anni
534 1048 716 1106 hiemps
757 1064 941 1094 summa
981 1059 1050 1095 est
1089 1054 1409 1108 cataclysmos‚
1453 1069 1593 1111 quam
1626 1055 1771 1099 nostri

210 1116 500 1161 diluvionem
523 1128 705 1174 vocant,
730 1128 882 1165 aestas
906 1129 1065 1166 autern
1089 1125 1335 1182 ecpyrosis,
1359 1127 1481 1182 quod
1505 1134 1576 1169 est
1607 1128 1771 1170 mundi

209 1188 489 1233 incendium.
554 1206 663 1234 nam
712 1193 784 1235 his
833 1195 1023 1237 alternis
1072 1197 1359 1252 temporibus
1412 1199 1616 1241 mundus
1670 1207 1770 1242 turn

210 1260 511 1316 exignescere
550 1271 651 1306 tum
691 1279 1000 1322 exaquescere
1042 1266 1235 1311 videtur.
1305 1269 1431 1311 hunc
1471 1269 1770 1313 Aristarchus

1544 1376 1552 1395 Ἰ

210 1404 528 1457 Dyrrachinus
563 1399 763 1461 VDLH,
805 1410 1073 1453 Heraclitus
1115 1418 1160 1453 et
1200 1410 1347 1458 Linus
1369 1405 1605 1467 YDCC'C
1645 1412 1768 1456 Dion

207 1467 713 1533 i—DffffX—XX—I-IIT,
738 1481 955 1537 Orpheus
975 1482 1114 1537 CXX,
1134 1483 1422 1527 Cassandrus
1442 1484 1595 1527 tricies
1618 1485 1769 1528 sexies

209 1554 396 1590 centum
432 1548 633 1593 milium:
680 1550 757 1593 alii
795 1567 905 1595 vero
945 1553 1184 1596 infinitum
1218 1569 1318 1597 esse
1352 1570 1435 1598 nec
1469 1570 1692 1612 umquam
1721 1557 1767 1599 in

208 1634 257 1661 se
295 1619 465 1663 reverti
505 1620 872 1667 existimarunt.“
935 1623 1148 1668 videmus
1181 1627 1444 1669 Ausonium
1485 1634 1530 1670 et
1564 1627 1769 1671 Censori-

208 1705 321 1732 num
368 1689 414 1733 in
463 1706 587 1734 anno
634 1707 810 1748 magno
854 1696 1129 1751 explicando
1175 1697 1296 1740 inter
1336 1713 1384 1740 se
1423 1699 1665 1742 concinere
1703 1698 1768 1742 ita

208 1762 408 1817 quidem,
442 1770 495 1806 ut
516 1765 752 1807 Ausonius
777 1767 911 1809 orbes
934 1768 1228 1823 planetarum
1252 1770 1515 1812 accuratius
1539 1769 1768 1825 exhibeat,

207 1848 313 1875 cum
347 1834 631 1878 Censorinus
664 1836 774 1879 solis
807 1838 1039 1894 lunaeque
1074 1854 1395 1896 vagarumque
1425 1842 1631 1898 quinque
1663 1842 1768 1885 stel-

206 1906 354 1948 larum
390 1907 524 1949 orbes
556 1906 603 1949 in
637 1923 821 1951 summa
854 1910 979 1953 dicat
1012 1917 1057 1953 et
1089 1918 1272 1967 praeter
1305 1911 1664 1968 explicationem
1699 1929 1768 1957 ca-

207 1977 420 2031 taclysmi
455 1985 501 2021 et
534 1980 766 2035 ecpyrosis
799 1980 1186 2038 philosophorum
1221 1984 1478 2027 sententias
1512 1985 1568 2028 de
1592 1986 1767 2040 magni-

207 2048 369 2091 tudine
407 2049 518 2091 anni
556 2050 719 2107 magni
753 2052 907 2096 addat.
963 2054 1043 2096 sed
1077 2053 1167 2096 alio
1208 2054 1359 2111 capite
1399 2055 1639 2099 Censorini
1678 2058 1765 2113 (13,

207 2123 241 2161 3.
277 2120 318 2175 4)
359 2121 520 2163 eadem
561 2122 750 2165 nomina
790 2123 970 2167 Graeca
1015 2127 1322 2181 planetarum,
1369 2141 1487 2183 quae
1527 2129 1765 2171 Ausonius

205 2190 251 2232 in
286 2191 373 2233 hac
407 2193 570 2249 ecloga
604 2193 805 2248 adhibet,
837 2195 1106 2239 invenimus
1140 2198 1396 2254 eademque
1429 2200 1553 2255 apud
1580 2201 1765 2243 Martia-

205 2276 318 2305 num
343 2263 581 2320 Capellam
610 2267 725 2309 VIII
752 2270 829 2308 851
852 2272 876 2319 1)
911 2268 1120 2323 legimus,
1145 2283 1283 2324 quem
1309 2269 1480 2312 librum
1509 2271 1762 2314 maximam

204 2341 381 2389 partem
427 2350 483 2377 ex
518 2338 727 2379 Varrone
767 2353 866 2380 esse
906 2340 1189 2395 exscriptum
1229 2355 1378 2396 paene
1418 2347 1594 2384 certum
1630 2350 1700 2386 est
1715 2346 1763 2397 2).

351 2455 376 2497 ¹)
404 2457 498 2489 ‘narn
525 2454 717 2491 Saturnum
742 2457 935 2493 Phaenona
961 2458 1083 2493 dicunt
1109 2458 1305 2504 lovemque
1324 2459 1560 2502 Phaethonta,
1588 2460 1765 2505 Pyroenta

204 2507 366 2550 Martem,
403 2508 593 2554 Venerem,
636 2510 886 2555 phosphoron,
929 2511 1143 2547 Mercurium
1183 2513 1361 2548 Stilbonta
1404 2515 1650 2549 nominarunt:
1690 2514 1763 2550 Soli

203 2571 288 2596 vcro
314 2560 511 2606 Lunaeque
537 2562 725 2598 diversitas
752 2565 913 2609 gentium
942 2567 1127 2601 innumera
1153 2567 1330 2601 vocabula
1357 2567 1530 2602 sociavit.’

348 2616 375 2657 2)
403 2615 444 2650 ct.
472 2615 524 2650 Fr.
558 2615 804 2660 Eyssenhardt
839 2620 874 2652 in
906 2618 1013 2663 praei.
1041 2619 1123 2654 edit.
1152 2630 1185 2664 p.
1216 2619 1287 2655 LVI
1316 2630 1395 2665 sqq.
1446 2622 1500 2655 cui
1528 2622 1634 2656 etiam
1662 2619 1746 2656 Guil

206 2669 400 2714 Laugbein,
435 2668 489 2703 De
521 2670 697 2704 Martiano
723 2671 870 2715 Capella
903 2675 1149 2717 grammatico,
1183 2674 1267 2708 diss.
1300 2674 1376 2708 Jen.
1407 2673 1496 2708 1914
1522 2685 1554 2718 p.
1581 2674 1602 2709 8
1626 2683 1678 2718 sq.
1707 2684 1762 2709 as-

204 2723 323 2756 sentiri
350 2722 500 2764 videtur,
534 2725 699 2767 quamvis
725 2724 937 2760 Mattianum
966 2725 1176 2771 Cappellam
1209 2728 1243 2761 in
1270 2728 1373 2762 tertio
1406 2728 1495 2762 libro
1529 2730 1756 2772 potissimum

204 2776 454 2819 grammaticos
480 2777 594 2820 quarti
622 2787 654 2821 p.
675 2776 756 2812 Chr.
777 2788 809 2813 n.
830 2779 963 2813 saeculi
990 2779 1245 2823 compilavisse
1270 2781 1578 2816 demonstraverit.
