2001 3099
808 146 1097 185 -69-

167 284 376 327 maiores,
439 284 702 326 Martium
745 289 907 326 autem

167 354 275 397 anni
290 354 616 410 principium
639 354 810 396 habere
834 369 909 397 vo-

166 425 351 467 luerunt
404 429 626 481 propter
685 425 909 466 Martem

165 509 288 537 suae
356 496 541 551 gentis
617 499 908 539 auctorem.

165 563 338 622 Aprilis
367 564 519 609 dictus
552 573 633 621 est,
668 565 800 623 quasi
825 572 910 609 ter-

165 651 237 680 ras
262 642 419 693 tepore
442 636 670 694 aperiens3
707 637 859 680 Maius
883 653 909 680 a

166 706 311 758 Maia3
330 707 493 751 Iunius
507 710 690 751 aIunon
699 723 733 762 e,
750 722 908 765 quam-

164 793 303 835 quam
335 778 444 821 aliz·
477 794 504 821 a
535 779 824 821 maioribus
861 784 911 822 ct

165 850 471 892 iunioribus
501 851 591 892 lzos
625 851 751 892 duos
773 865 912 892 men-

161 935 240 963 ses
281 919 430 964 velint
476 936 576 964 esse
623 919 911 964 nominatos:

164 1007 282 1034 nam
328 996 485 1035 antea
527 993 762 1048 populus
810 993 911 1033 Ro-

165 1076 347 1105 manus
379 1064 436 1105 2'72
468 1063 740 1105 centurias
762 1063 910 1104 iuni-

162 1149 306 1177 orum
339 1138 389 1177 ct
407 1134 680 1176 seniorum
704 1133 910 1176 divisus

148 1207 355 1260 suerat.
418 1203 582 1261 reliqui
629 1203 723 1247 iam
763 1221 789 1248 a
827 1219 908 1248 nu—

161 1291 287 1319 mero
301 1275 907 1330 nominabanturQuintilis,

162 1347 365 1402 Sextilis,
390 1347 676 1403 September,
694 1347 907 1401 October,

163 1418 439 1473 November,
465 1418 734 1462 December.
790 1424 835 1461 et
857 1418 905 1460 hi

162 1495 294 1532 erant
311 1495 496 1532 tantum
514 1489 673 1532 decem
696 1503 904 1532 menses:

163 1561 256 1603 duo
293 1575 403 1604 vero
441 1566 628 1616 propter
675 1558 905 1603 rationem

162 1631 404 1687 signorum
436 1631 547 1673 anni
569 1630 904 1674 intercalaban-

163 1709 248 1757 tur,
281 1702 358 1759 qui
391 1708 553 1758 postea
590 1717 617 1744 a
649 1703 762 1745 Iano
801 1708 847 1745 et
877 1717 904 1744 a

162 1773 362 1816 Februo
393 1771 621 1815 nominati
653 1779 778 1816 sunt.
822 1772 903 1816 Fe-

161 1845 304 1887 bruus
337 1850 494 1887 autem
519 1849 589 1886 est
612 1843 736 1886 Ditis
758 1850 901 1900 pater,

163 1915 254 1957 σαί
281 1929 333 1957 eo
365 1928 537 1957 mense
558 1914 901 1970 sacrificaba-

162 1990 262 2028 tur.
297 1983 519 2040 Quintilis
534 1991 581 2028 et
596 1984 788 2029 Sextilis
805 1999 903 2028 mu-

163 2055 247 2099 tati
281 2062 390 2098 sunt
412 2061 574 2112 postea
606 2055 653 2099 in
677 2056 901 2099 honorem

163 2124 269 2169 Iulii
323 2125 532 2169 Caesaris
584 2133 631 2169 et
677 2125 901 2182 Augusti:

163 2197 286 2240 unde
299 2202 410 2240 sunt
421 2198 569 2251 Iulius
585 2209 631 2246 et
647 2203 902 2254 Augustus.

988 290 1180 327 mutata.
1246 288 1281 327 4.
1323 287 1422 327 Iam
1455 285 1730 341 September

987 369 1040 397 eo
1073 355 1195 411 quod
1225 354 1452 412 septimus
1476 355 1537 398 sit
1560 371 1585 398 a
1611 358 1729 398 Mar-

987 423 1062 479 tio,
1092 424 1170 481 qui
1194 432 1265 467 est
1287 424 1567 482 principium
1595 426 1726 469 veris.

985 494 1172 539 Simili
1250 510 1465 552 quoque
1539 496 1728 540 ordine

985 567 1223 610 October
1255 573 1307 610 et
1335 568 1646 610 November
1678 574 1730 610 et

984 637 1283 681 December
1306 652 1368 680 ex
1390 652 1616 681 numero
1635 638 1728 681 im-

983 707 1159 751 brium
1205 709 1356 765 adque
1411 710 1531 752 veris
1579 725 1729 753 acce-

981 781 1544 836 peruntvocabulum.
1575 781 1727 824 Porro

987 851 1265 894 Ianuarium
1304 863 1365 896 ex
1403 852 1592 894 nomine
1626 852 1728 895 lani

985 929 1291 977 vocaverunt,
1339 923 1419 965 sed
1467 921 1728 979 specialiter

985 993 1230 1036 Ianuarius
1241 993 1530 1048 appellatur,
1541 1008 1593 1036 eo
1604 993 1723 1049 quod

984 1063 1124 1106 ianua
1158 1063 1219 1107 sit
1251 1064 1360 1107 anni
1395 1064 1547 1121 adque
1572 1065 1728 1121 prin-

985 1135 1127 1190 cz'piu
1138 1150 1193 1177 m.
1227 1135 1543 1179 Februarium
1563 1138 1727 1178 autem

984 1205 1726 1260 aFebruissaerisLupercorum

983 1277 1375 1330 appellaverunt.
1409 1279 1574 1334 Itaque
1604 1278 1727 1333 apud

982 1347 1200 1404 antiquos
1218 1348 1412 1394 Latinos
1428 1348 1587 1391 decem
1603 1363 1729 1391 meu-

980 1416 1109 1460 sibus
1144 1433 1306 1462 cursus
1346 1418 1458 1462 anni
1492 1426 1728 1476 computa-

981 1489 1132 1533 batur.
1196 1490 1288 1533 Sed
1328 1488 1557 1533 Romanis
1592 1491 1727 1532 Ianu-

979 1559 1129 1603 arium
1163 1568 1210 1604 et
1233 1561 1536 1604 Februarium
1569 1563 1727 1603 Numa

982 1630 1239 1687 Pompilius
1274 1630 1455 1675 addidit
1478 1632 1630 1688 adque
1662 1630 1727 1674 ita

977 1699 1024 1744 in
1066 1704 1160 1744 XII
1202 1716 1387 1746 menses
1436 1717 1613 1746 annum
1662 1702 1726 1746 di-

977 1771 1156 1817 stinxit.
