2001 3099
837 132 998 170 *41
1070 155 1120 159 -..

200 275 406 327 λάβωμεν,
446 272 495 311 τὸ
536 275 618 311 τῶν
659 272 845 324 ὀρνίθων
884 272 987 323 γάλα
1020 264 1104 311 ἄντ’
1137 271 1262 323 ἀέρος
1295 272 1403 311 ἔσται
1435 270 1504 311 καὶ
1538 272 1559 323 ἡ
1593 272 1755 317 ἔξωηἿιψ

199 342 411 398 περιφορὰ
433 346 504 395 τῆς
526 342 700 382 λεκίθου
725 341 811 383 ἀντὶ
836 342 998 387 ὕδατος,
1022 341 1067 381 τὸ
1094 341 1139 382 δὲ
1163 341 1387 382 ἔνδότατον
1416 342 1483 382 καὶ
1510 342 1756 393 μεσαίτατον

200 414 285 454 ἀντὶ
315 418 385 466 τῆς
417 417 500 468 γῆς.
554 412 746 453 καθόλου
782 413 836 459 δέ,
871 411 944 454 ἐὰν
979 413 1106 453 πέντε
1140 413 1325 465 σφαίρας
1347 413 1540 464 εἴπωμεν
1562 412 1665 452 κατὰ
1688 412 1756 452 τὸν

202 477 478 537 Ἀριστοτέλην
500 483 574 537 (de
599 482 773 524 mundo
793 497 831 537 p.
844 485 1103 524 392a—393
1115 485 1165 533 a),
1184 482 1229 522 τὸ
1248 482 1470 523 ἓνδότατον
1491 487 1561 536 τῆς
1578 480 1754 524 λεκίθου

199 555 283 595 ἀντὶ
313 559 383 608 τῆς
415 559 489 608 γῆς
515 555 907 611 παραληφθήσεται,
943 554 1014 594 ἐὰν
1039 555 1084 595 δὲ
1111 555 1321 607 [ἑσσαρας
1344 554 1449 594 uani
1472 553 1571 598 τοὺς
1595 554 1755 598 ἄλλους,

200 625 277 682 ὅλη
312 627 335 679 ἡ
359 626 531 675 λέκιΰος
554 625 638 665 ἀντὶ
660 630 735 678 τῆς
758 630 833 678 γῆς
856 623 981 677 ἔσται,
1017 626 1066 667 οὗ
1092 624 1201 666 >racd
1223 624 1273 665 zo
1295 625 1487 677 ,lhfsyffl'ossu
1521 624 1627 664 ἀλλὰ
1651 625 1754 664 κατὰ

199 696 271 749 τὴν
292 697 414 744 τάξιν.
464 709 567 737 cum
603 695 723 736 hanc
756 694 1016 737 docuinam
1041 695 1353 751 Orphicorum
1378 694 1502 749 apud
1526 693 1753 736 Achillem

201 766 399 808 mediam
433 765 552 807 inter
578 766 887 808 Posidoniana
922 766 1139 808 traditam
1174 766 1427 818 videamus,
1460 779 1553 806 non
1585 770 1757 806 temere

201 836 409 879 conicere
447 837 561 878 mihi
602 835 771 890 videor,
821 837 909 879 hoc
948 851 1132 893 quoque
1172 843 1312 892 caput
1350 836 1407 878 ad
1446 834 1578 877 illum
1613 834 1758 891 philo-

201 908 398 964 sophum
422 907 631 951 Stoicum
656 906 815 961 redire,
839 923 863 949 a
889 922 979 964 quo
1004 908 1143 950 etiam
1164 909 1419 951 Varronem
1440 905 1755 962 cognitionem

201 978 340 1022 huius
373 979 609 1021 doctrinae
642 979 861 1021 habuisse
894 978 1202 1035 suspicamur;
1237 979 1325 1020 hoc
1358 993 1410 1020 eo
1441 978 1594 1034 magis
1618 977 1758 1020 credi-

201 1065 316 1101 mus,
351 1064 454 1092 curn
488 1049 660 1093 Sextus
696 1050 959 1105 Empiricus
975 1051 1005 1105 ¹)
1039 1057 1085 1092 et
1109 1050 1346 1105 Diogenes
1378 1047 1639 1102 Laertius2)
1673 1064 1756 1090 nos

202 1122 400 1163 doceant
438 1121 620 1163 Stoicos
661 1120 785 1176 ipsos
820 1121 989 1163 talibus
1024 1120 1450 1177 comparationibus
1491 1135 1591 1163 esse
1631 1134 1759 1162 usos:

202 1192 524 1249 philosophiae
562 1198 716 1247 partes
751 1207 827 1235 eos
861 1207 965 1234 cum
1007 1207 1119 1248 agro
1160 1192 1382 1248 frugifero
1416 1191 1758 1248 comparavisse

202 1264 278 1316 ita,
319 1270 370 1305 ut
409 1264 730 1306 circumiectae
776 1263 902 1320 saepi
945 1264 1141 1319 logicen,
1193 1264 1336 1306 humo
1375 1263 1474 1305 sive
1518 1263 1758 1305 arboribus

206 1334 440 1390 physicen,
465 1334 636 1377 fructui
661 1333 842 1377 ethicen
871 1342 1135 1391 aequarent.
1170 1335 1246 1377 sed
1273 1335 1387 1378 alios
1410 1335 1592 1378 Stoicos
1616 1334 1759 1391 philo-

204 1405 413 1461 sophiam
464 1421 552 1448 ovo
599 1405 797 1448 similem
846 1421 945 1448 esse
994 1405 1168 1448 dixisse
1217 1405 1292 1448 ita.
1338 1413 1390 1448 ut
1436 1404 1586 1448 ethice
1625 1404 1755 1461 quasi

204 1476 402 1531 vitellus,
427 1477 617 1533 physice
640 1477 811 1530 albuni,
836 1477 986 1532 logice
1013 1483 1132 1519 testa
1156 1484 1295 1532 esset;
1328 1475 1625 1519 Posidonium
1649 1491 1757 1519 vero

205 1548 331 1589 illam
381 1548 576 1604 priorem
623 1547 1018 1604 comparationem
1064 1547 1411 1604 improbavisse,
1451 1549 1570 1604 quod
1620 1546 1764 1604 philo-

205 1620 396 1678 sophiae
443 1626 597 1676 partes
647 1627 808 1663 contra
862 1627 1001 1676 atquc
1054 1619 1155 1675 agri
1209 1626 1364 1676 partes
1417 1618 1617 1662 discerni
1671 1635 1761 1661 uon

207 1699 409 1747 possent,
443 1698 489 1733 et
521 1691 672 1747 ipsum
707 1690 1052 1747 philosophiam
1086 1705 1190 1733 cum
1233 1691 1420 1734 animali
1461 1705 1765 1747 comparasse,

207 1778 311 1805 cum
336 1761 486 1805 ethice
509 1762 675 1815 animo,
710 1761 901 1818 physice
925 1763 1063 1817 carni,
1088 1761 1304 1818 logistice
1327 1761 1510 1805 ossibus
1534 1777 1587 1805 ac
1610 1762 1763 1805 nervis

206 1833 559 1890 respondereffl).

347 1905 425 1947 sed
467 1903 735 1960 priusquam
778 1905 834 1947 ad
870 1919 903 1947 c.
942 1907 992 1946 12
1026 1911 1072 1947 et
1110 1908 1160 1946 10
1194 1904 1435 1948 Censorini
1478 1905 1764 1955 accedamus,

207 1989 497 2032 quaeramus,
531 1990 643 2017 num
677 1974 817 2018 etiam
842 1976 962 2031 apud
990 1975 1104 2018 alios
1128 1976 1376 2032 scriptores
1399 1975 1601 2031 vestigia
1625 1974 1764 2018 huius

208 2046 372 2102 capitis
411 2045 557 2102 ipsius
597 2061 620 2088 e
653 2047 875 2090 Varronis
915 2045 1171 2102 disciplinis
1211 2045 1399 2102 sumpti,
1439 2047 1561 2103 quod
1601 2054 1671 2089 est
1709 2048 1764 2089 de

207 2118 508 2173 sphaerarum
544 2115 799 2171 harmonia,
832 2116 1143 2161 inveniamus.
1198 2118 1400 2174 primuni
1434 2118 1684 2160 afferamus
1719 2118 1763 2160 C.

212 2187 409 2230 Plinium
459 2188 741 2242 Secundum,
788 2188 865 2244 qui
910 2186 957 2230 in
998 2187 1238 2232 Naturalis
1286 2187 1526 2232 Historiae
1563 2187 1678 2231 libro
1719 2191 1762 2230 ΙΙ

355 2367 382 2409 ¹)
409 2366 492 2401 adv.
513 2366 737 2412 dogmaticos
756 2365 767 2400 I
795 2366 857 2409 (τε
876 2366 956 2401 adv.
976 2367 1143 2402 mathem.
1164 2366 1240 2411 VII)
1272 2366 1312 2402 17
1331 2377 1409 2411 sqq.

353 2425 379 2463 ²)
409 2424 468 2459 VII
489 2425 543 2460 40.

352 2485 380 2528 ³)
407 2484 503 2519 haud
529 2485 603 2519 scio
630 2494 674 2518 an
702 2483 918 2519 Posidonius
944 2484 1090 2519 alteram
1117 2485 1419 2529 comparationem
1447 2495 1488 2520 ea
1515 2485 1559 2519 de
1586 2494 1690 2519 causa
1715 2495 1764 2519 re-

211 2543 419 2587 pudiaverit,
452 2543 550 2587 quod
583 2544 660 2587 ipse
693 2545 761 2578 iarn
788 2542 969 2588 Orphicos
1001 2544 1147 2579 secutus
1180 2554 1251 2578 ovo
1284 2544 1457 2579 mundum
1485 2546 1765 2588 comparaverat.

211 2605 366 2636 ceterum
394 2603 499 2636 etiam
527 2602 616 2636 alios
643 2601 895 2646 philosophos,
923 2605 959 2636 ut
986 2602 1240 2646 Empedoclem
1270 2603 1326 2644 (cf.
1356 2602 1467 2643 Diels,
1495 2602 1766 2637 Vorsolzratikcr

213 2661 249 2695 1³
275 2671 306 2705 p.
327 2661 394 2694 :208
414 2660 452 2696 fr.
474 2661 535 2701 50)
563 2665 597 2695 ct
623 2661 812 2705 Epicurum
840 2661 895 2703 (cf.
924 2661 1073 2696 Useneri
1100 2661 1269 2706 Epicurea
1297 2672 1328 2705 p.
1354 2661 1416 2695 127
1437 2661 1472 2694 fr.
1493 2661 1563 2704 82),
1592 2662 1656 2696 hac
1682 2661 1764 2697 doc—

214 2722 300 2755 triua
327 2719 565 2763 Orphicorum
593 2730 672 2754 esse
700 2730 785 2755 usos
812 2721 946 2764 optimc
972 2720 1093 2755 docuit
1119 2720 1163 2755 O.
1194 2721 1299 2762 Korn,
1328 2721 1372 2755 de
1391 2720 1527 2764 Orphei
1545 2720 1763 2764 Epimenidis

212 2778 430 2822 Pherecydis
454 2778 676 2824 Theogoniis
702 2780 838 2823 quaest,
880 2780 963 2821 crit„
991 2779 1074 2814 diss.
1102 2779 1255 2814 Berolin.
1299 2780 1386 2815 1888
1405 2790 1436 2824 p.
1461 2779 1502 2815 10
1520 2790 1598 2824 sqq.
