2001 3099
855 126 1144 165 *76*

222 262 430 306 Ausonio
463 271 667 320 apparet,
708 263 799 320 qui,
838 264 876 307 si
910 264 1021 321 quid
1054 264 1203 319 video,
1241 264 1289 308 in
1323 265 1487 321 ecloga
1519 267 1633 309 XVI
1667 264 1778 309 Sue-

223 335 402 377 tonium
436 342 625 378 secutus
658 341 880 391 quattuor
902 336 1013 378 anni
1038 336 1324 391 temporibus
1347 334 1498 391 spatia
1531 335 1588 378 ab
1611 335 1777 378 Isidori

220 405 399 448 ratione
432 406 572 461 longe
605 406 792 449 diversa
815 406 992 450 statuit.
1037 406 1238 463 denique
1261 405 1520 449 doctrinam
1553 421 1586 449 c.
1610 408 1727 451 VIII
1757 409 1772 448 l

220 491 277 519 ex
309 476 440 521 Serv.
465 478 522 519 ad
556 477 734 533 Vergil.
757 478 927 534 Georg.
953 480 972 520 I
998 482 1077 520 lOO
1101 478 1224 520 sumi
1247 476 1455 534 potuisse
1478 476 1779 520 manifestum

221 554 302 591 est.
345 548 426 590 sed
449 547 667 592 Servium
699 549 821 592 hanc
850 549 1109 591 doctrinam
1142 548 1366 591 Suetonio
1399 549 1566 591 debere
1588 548 1686 592 veri
1709 554 1781 591 est

220 634 314 662 non
348 618 586 674 dissimile,
620 634 726 662 cum
756 619 951 676 Vergilii
985 619 1214 676 interpres
1248 620 1339 662 alio
1372 634 1556 676 quoque
1588 620 1689 662 loco
1722 633 1780 662 ex

219 691 336 733 libro
368 689 658 734 Suetoniano
692 692 895 748 pendere
940 691 1075 734 nobis
1114 691 1176 734 sit
1214 689 1354 734 visus.
1420 698 1466 734 et
1497 690 1779 734 Suetonium

218 762 265 804 in
299 761 416 805 libro
449 777 628 805 annum
663 765 984 806 Romanorum
1023 769 1269 806 enarrante
1309 763 1366 805 de
1398 761 1598 806 solstitio
1632 768 1678 804 et
1710 777 1780 805 ae-

217 832 455 890 quinoctio
494 834 636 877 verba
669 833 833 877 iecisse
872 842 919 878 et
957 849 1038 892 per
1070 849 1119 877 se
1151 833 1249 877 veri
1283 841 1353 877 est
1384 832 1534 878 simile
1572 839 1619 876 et
1657 832 1779 877 infra

217 920 275 947 ex
321 903 521 947 Ausonii
569 905 733 961 ecloga
770 907 937 949 XVIII
975 904 1229 962 apparebit.
1293 903 1482 947 solstitii
1531 910 1577 946 et
1623 905 1776 961 aequi-

216 976 360 1019 noctii
394 975 718 1032 etymologias,
752 991 867 1033 quas
901 976 1108 1019 Isidorus
1132 990 1169 1020 c.
1194 978 1309 1020 VIII
1335 979 1359 1018 2
1392 977 1578 1032 profert,
1612 978 1775 1021 Varro-

218 1047 383 1090 nianas
417 1062 518 1090 esse
552 1062 609 1090 ex
642 1049 770 1092 Varr.
805 1048 862 1090 de
894 1049 920 1091 l.
943 1048 968 1090 l.
993 1049 1059 1091 VI
1086 1051 1109 1090 8
1143 1046 1446 1104 intellegitur.
1487 1047 1573 1090 has
1596 1062 1780 1104 quoque

214 1117 351 1162 facile
383 1119 441 1162 ab
474 1118 716 1174 Suetonio,
749 1120 895 1162 altero
928 1120 1008 1162 illo
1031 1121 1253 1174 Varrone,
1286 1134 1368 1175 per
1394 1117 1510 1162 alios
1532 1119 1780 1176 scriptores

215 1189 393 1233 medios
417 1188 597 1233 Isidoro
631 1190 750 1233 tradi
784 1189 993 1246 potuisse
1017 1189 1120 1247 quis
1153 1197 1225 1233 est
1263 1190 1341 1247 qui
1370 1191 1542 1245 neget?
1587 1198 1781 1247 apparet

213 1261 373 1318 igitur,
416 1268 470 1305 ut
501 1276 734 1305 summam
767 1261 908 1305 huius
941 1261 1230 1318 quaestionis
1264 1262 1501 1316 faciamus,
1547 1262 1780 1305 Isidorum

214 1332 261 1376 in
304 1333 378 1376 his
412 1333 643 1390 capitibus
684 1334 925 1390 complura
958 1334 1158 1376 frustula
1190 1332 1430 1376 doctrinae
1462 1332 1780 1377 Suetonianae

213 1405 434 1461 quamvis
475 1411 720 1448 attenuata
765 1412 811 1447 et
843 1412 1061 1461 corrupta
1100 1403 1363 1448 servavisse
1403 1420 1550 1462 eaque
1589 1420 1681 1448 non
1723 1420 1781 1448 ex

221 1475 449 1521 Suetonio
497 1475 611 1534 ipso,
664 1477 744 1520 sed
794 1491 851 1520 ex
899 1477 1044 1520 altera
1092 1477 1282 1519 demum
1329 1491 1472 1520 manu
1520 1477 1594 1520 vel
1644 1475 1781 1520 tertia

220 1548 470 1605 accepisse.

361 1689 544 1746 Quibus
586 1689 818 1748 expeditis
856 1697 1150 1734 revertamur
1192 1691 1250 1733 ad
1290 1691 1565 1734 Ausonium.
1618 1691 1664 1733 in
1700 1692 1779 1734 ecl.

217 1765 311 1806 XII
337 1762 674 1819 grammaticus
698 1761 1053 1819 Burdigalensis
1077 1762 1134 1805 de
1155 1760 1396 1816 Kalendis,
1419 1762 1593 1817 Idibus,
1617 1762 1780 1817 Nonis,

217 1850 275 1878 ex
314 1833 483 1891 quibus
524 1832 701 1890 singuli
735 1833 833 1877 dies
868 1834 1071 1877 Romani
1112 1840 1246 1876 erant
1278 1833 1594 1891 computandi,
1638 1834 1781 1877 verba

216 1905 338 1950 iacit.
403 1904 479 1948 hic
512 1920 698 1962 quoque
736 1904 952 1949 Suetonii
991 1905 1162 1948 librum
1201 1905 1258 1948 de
1300 1920 1424 1948 anno
1459 1907 1779 1948 Romanorum

216 1979 395 2021 fontem
434 1976 579 2020 fuisse
627 1983 674 2020 et
721 1992 778 2020 ex
817 1977 1109 2031 necessitate,
1157 1991 1249 2034 qua
1298 1977 1413 2019 haec
1459 1977 1623 2033 ecloga
1671 1991 1776 2019 cum

215 2049 379 2092 ceteris
422 2055 494 2091 est
533 2048 795 2103 coniuncta,
836 2048 1136 2104 cognoscitur
1176 2054 1223 2091 et
1254 2047 1363 2091 inde
1404 2055 1609 2105 apparet,
1657 2050 1779 2105 quod

216 2120 415 2163 Macrob.
439 2120 537 2165 Sat.
563 2121 582 2162 I
613 2123 676 2175 15,
711 2123 748 2163 7.
787 2123 848 2163 13.
887 2122 936 2162 18
972 2125 1018 2162 et
1045 2120 1159 2175 Lyd.
1193 2120 1250 2162 de
1273 2134 1418 2162 mens.
1445 2121 1516 2162 III
1546 2122 1609 2175 10,
1641 2133 1780 2176 quem

216 2198 469 2248 utrumque
517 2206 542 2234 e
588 2190 816 2235 Suetonio
863 2191 1068 2247 pendere
1115 2189 1229 2234 satis
1270 2197 1464 2245 constat,
1513 2191 1571 2235 de
1617 2191 1781 2234 eodem

220 2269 502 2319 argumento
534 2263 659 2306 idem
694 2262 920 2306 disserere
953 2262 1181 2306 videmus.

211 2395 410 2436 Auson.
435 2395 518 2438 ecl.
542 2396 636 2437 XII
734 2395 969 2438 Macrob.
1003 2395 1100 2439 Sat.
1136 2396 1156 2436 I
1186 2398 1250 2438 15.
1354 2394 1484 2447 Lyd.
1531 2393 1588 2435 de
1635 2407 1778 2435 mens.

264 2475 341 2519 Bis
360 2491 496 2521 senas
515 2493 638 2521 anno
774 2480 812 2520 7.
854 2476 1072 2520 omnibus
1123 2485 1279 2521 tamen
1355 2465 1779 2520 ΙΠῙΟ(Ρ·46>ΝΛΜ)

208 2554 398 2604 reparat
459 2549 640 2596 Lucina
714 2549 956 2591 mensibus
990 2564 1047 2592 ex
1080 2548 1153 2591 die
1187 2552 1280 2592 No·
1397 2549 1503 2602 αὕτη
1527 2549 1552 2602 ἡ
1576 2548 1781 2601 προσθή-

210 2619 438 2662 kalendas
461 2619 472 2677 Η
499 2620 562 2665 Et
580 2627 648 2663 to-
720 2634 885 2662 narum
909 2620 1021 2663 Idus
1054 2636 1178 2664 nono
1211 2621 1285 2664 die
1358 2637 1410 2673 κη
1451 2618 1573 2672 παρὰ
1601 2619 1780 2673 Ῥωμαί-

209 2688 362 2733 tidem
378 2691 647 2735 mediasdat
721 2692 1057 2747 repraesentari
1096 2692 1286 2748 placuit.
1359 2689 1582 2736 οιςΝῶναι
1599 2689 1780 2732 καλεῖται

221 2776 403 2805 currere
436 2763 648 2819 Iuppiter
785 2767 846 2806 13.
909 2763 1032 2806 unde
1095 2762 1284 2820 quidam
1358 2761 1447 2803 ἀντὶ
1480 2761 1607 2802 ἐννέα.
