2001 3099
819 134 1111 172 -81—

190 271 336 313 moria
367 270 511 327 patris
545 270 719 314 cineres
754 272 1050 314 honorando’.
1103 272 1304 329 denique
1332 273 1472 316 etiarn
1494 272 1541 315 in
1566 272 1742 316 ultimis

189 340 400 385 versibus
422 341 658 385 Ausonius
681 343 938 386 doctrinam
962 343 1178 400 quamvis
1211 348 1520 401 perversaml)
1553 345 1743 401 praebet

189 411 346 456 dicens
378 427 573 457 munera
605 413 933 470 gladiatorum,
972 429 1090 472 quae
1123 421 1276 458 aetate
1308 415 1454 472 ipsius
1486 415 1534 457 in
1567 416 1742 458 harena

189 483 520 541 amphitheatri
552 483 653 528 fieri
692 486 913 541 solebant,
950 486 997 529 in
1031 486 1255 529 honorem
1287 485 1478 530 Saturni
1511 486 1743 542 celebrari,

189 568 328 610 quam
360 555 642 599 sententiam
676 556 815 600 etiam
847 556 1124 603 Lactantius
1152 556 1260 601 inst.
1279 558 1346 601 VI
1367 560 1434 611 20,
1453 560 1508 599 35
1536 557 1742 613 protulit.

189 625 384 669 dubium
415 640 509 669 non
543 633 625 682 est,
659 626 772 684 quin
796 635 992 684 uterque
1013 627 1210 685 scriptor
1232 643 1286 671 ea
1308 642 1368 683 re,
1401 628 1525 685 quod
1547 642 1740 672 munera

188 695 470 751 gladiatoria
502 703 802 754 quaestorum
835 698 1060 756 proximis
1093 699 1151 742 ad
1175 698 1444 743 Saturnalia
1476 697 1639 742 diebus
1668 701 1743 743 da-

188 767 369 823 bantur,
402 767 450 812 in
484 783 682 813 errorem
717 770 967 814 inciderint
997 785 1193 814 munera
1218 771 1266 813 in
1299 770 1523 814 honorem
1550 771 1741 816 Saturni

188 838 301 894 fieri,
334 853 439 883 cum
470 854 520 883 re
552 855 662 884 vera
693 841 963 886 Saturnalia
995 848 1041 884 et
1071 856 1265 885 munera
1297 840 1579 897 gladiatoria
1612 843 1741 885 nullo

187 908 375 953 vinculo
422 911 544 955 inter
589 926 639 955 se
687 918 844 956 essent
892 912 1197 966 coniuncta2).
1267 913 1349 956 sed
1397 913 1538 956 etiam
1585 915 1741 970 plures

188 995 374 1036 errores,
419 983 635 1039 quamvis
676 982 808 1040 parvi
849 983 1075 1027 momenti
1123 998 1223 1027 esse
1262 982 1520 1039 videantur,
1564 984 1612 1027 in
1654 985 1742 1028 hac

188 1052 351 1109 ecloga
392 1052 708 1098 inveniuntur.
772 1061 825 1098 ut
864 1061 1005 1112 poeta
1042 1054 1090 1097 in
1130 1071 1174 1099 v.
1213 1059 1228 1097 1
1271 1055 1407 1098 ludos
1446 1055 1740 1112 Apollinares

180 1129 267 1179 per
297 1125 410 1167 ostia
438 1125 645 1167 Tiberina
676 1124 777 1169 fieri
810 1126 932 1169 dicit.
993 1126 1071 1169 sed
1097 1126 1200 1169 illos
1223 1127 1359 1169 ludos
1380 1127 1428 1170 in
1452 1128 1566 1171 urbe
1591 1130 1740 1172 Roma

186 1195 288 1252 ipsa
310 1195 552 1244 (circenses
574 1198 621 1239 in
646 1196 778 1253 circo,
799 1196 1036 1241 scaenicos
1058 1198 1107 1240 in
1131 1198 1332 1253 theatro)
1361 1213 1462 1243 esse
1484 1200 1740 1245 celebratos

187 1266 309 1310 inter
347 1282 507 1311 omnes
546 1274 739 1312 constat.
803 1267 901 1312 veri
940 1275 1012 1312 est
1048 1267 1337 1313 simillimum
1371 1269 1632 1314 Ausonium
1665 1272 1741 1315 hic

186 1338 321 1381 ludos
345 1339 639 1395 Apollinares
670 1354 774 1383 cum
804 1340 928 1383 ludis
951 1340 1209 1395 Castorum,
1242 1341 1320 1398 qui
1350 1340 1496 1385 Ostiis
1527 1342 1574 1384 in
1607 1349 1741 1396 portu

187 1409 598 1467 celebrabantur3),
647 1410 922 1454 confudisse.
992 1425 1079 1454 nec
1125 1411 1281 1455 minus
1326 1412 1468 1456 verba
1514 1428 1555 1457 v,
1591 1417 1615 1456 7
1654 1419 1740 1470 pro

186 1482 325 1524 laude
365 1482 563 1524 virorum
609 1482 785 1525 habent
831 1481 1005 1538 aliquid
1050 1481 1335 1528 offensionis.
1404 1498 1513 1527 nam
1557 1492 1741 1529 constat

185 1559 423 1596 matronas
476 1553 690 1596 kalendis
739 1553 936 1608 Martiis,
990 1552 1158 1610 quibus
1215 1554 1495 1598 Matronalia
1542 1556 1739 1599 celebra-

186 1623 367 1678 bantur,
399 1637 493 1666 non
525 1638 608 1680 pro
640 1624 778 1667 laude
810 1623 1029 1679 virorum,
1063 1625 1143 1667 sed
1171 1639 1254 1681 pro
1278 1625 1429 1669 salute
1452 1625 1737 1670 matrimonii

185 1708 316 1737 sacra
361 1694 538 1739 fecisse.
607 1695 776 1738 deinde
821 1694 1057 1750 miramur,
1106 1696 1229 1752 quod
1275 1712 1318 1740 v.
1352 1700 1401 1739 21
1455 1696 1569 1741 dicit
1616 1701 1739 1755 Nep-

186 1766 365 1809 tunalia
403 1781 503 1809 esse
542 1766 774 1810 celebrata
812 1766 1030 1823 navigiis.
1093 1781 1203 1810 nam
1237 1769 1453 1825 quamvis
1485 1771 1738 1826 Neptunus

184 1837 300 1881 deus
333 1836 472 1881 maris
505 1836 576 1893 sit,
609 1852 760 1895 quern,
793 1837 871 1895 qui
900 1838 1010 1882 navi
1039 1839 1278 1883 vehuntur
1308 1838 1572 1896 implorant,
1605 1849 1658 1885 ut
1687 1857 1737 1884 se

186 1914 366 1952 tutetur
409 1924 437 1952 a
481 1908 857 1967 tempestatibus,
905 1910 1035 1953 nullo
1083 1909 1174 1953 alio
1220 1911 1321 1953 loco
1369 1910 1568 1955 traditur
1614 1913 1737 1956 diem

185 1979 356 2022 festum
388 1980 462 2023 dei
495 1979 699 2037 navigiis
732 1995 834 2024 esse
856 1981 1151 2025 celebratum.
1214 1996 1387 2037 vereor,
1420 1998 1478 2025 ne
1499 1984 1736 2027 Ausonius

184 2049 261 2093 hic
292 2051 503 2108 Neptuni
536 2052 714 2095 cultum
746 2066 852 2095 cum
885 2052 1013 2095 cultu
1047 2051 1184 2095 Isidis
1216 2053 1487 2109 confuderit,
1525 2054 1656 2097 cuius
1689 2055 1736 2097 in

185 2122 411 2165 honorem
448 2136 556 2166 vere
596 2121 790 2166 ineunte
832 2122 967 2167 navis
1008 2122 1291 2167 ‘muneribus
1335 2124 1479 2181 largis
1517 2132 1564 2168 et
1601 2126 1737 2169 devo-

186 2192 391 2236 tionibus
432 2193 598 2237 faustis
643 2195 930 2251 completam)
971 2194 1019 2237 in
1065 2195 1287 2252 pelagum
1329 2195 1454 2239 mitti
1499 2197 1734 2251 solebat5).

186 2262 387 2320 denique
419 2264 614 2307 dubium
647 2265 834 2309 videtur
867 2280 979 2321 esse,
1012 2265 1122 2322 quid
1156 2282 1196 2310 V.
1222 2269 1276 2308 22
1308 2268 1479 2310 valeat:
1518 2268 1737 2324 ‘iungunt

187 2335 426 2378 Romanos
458 2334 776 2393 finitimosque
808 2337 970 2380 duces'.
1033 2337 1159 2380 haud
1192 2337 1287 2380 scio
1320 2353 1378 2381 an
1402 2337 1735 2395 Ausoninsuhis

331 2492 356 2534 ¹)
383 2491 427 2527 cf.
454 2491 498 2526 G.
517 2491 704 2534 Wissowa,
732 2491 897 2538 Religion
923 2502 956 2527 u.
985 2492 1115 2531 Kultus
1140 2493 1174 2527 d.
1201 2492 1330 2531 Romer
1355 2503 1387 2539 p.
1408 2493 1476 2527 467
1503 2493 1582 2528 adn.
1603 2493 1635 2528 2.

327 2551 354 2595 ²)
380 2550 423 2586 cf.
450 2550 495 2587 G.
513 2550 688 2586 Wissowa
714 2551 735 2585 l.
754 2560 782 2586 c.
802 2554 837 2586 et
855 2551 950 2595 apud
968 2551 1136 2593 Roscher‚
1162 2551 1344 2586 Ausftihrl.
1370 2552 1527 2586 Lexikon
1547 2552 1579 2587 d.
1600 2553 1736 2598 griech.

186 2620 218 2644 u.
246 2612 333 2645 rom.
358 2609 473 2654 Myth.
500 2620 528 2645 s.
546 2620 580 2646 v.
607 2609 781 2646 Saturnus
807 2609 854 2645 IV
880 2620 913 2655 p.
931 2610 1001 2646 438
1027 2621 1079 2655 sq.

328 2669 355 2713 ³)
382 2669 424 2704 cf.
453 2669 495 2704 G.
515 2669 688 2705 Wissowa
715 2670 735 2704 l.
755 2679 783 2705 c.
810 2680 844 2714 p.
863 2670 942 2704 271.

327 2728 357 2772 ⁴)
383 2728 425 2763 cf.
451 2728 628 2773 Apuleius
654 2732 736 2764 met.
755 2728 797 2763 XI
820 2729 873 2764 16.

328 2786 355 2831 ⁵)
382 2787 424 2822 cf.
451 2787 496 2823 G.
514 2787 690 2823 Wissowa
717 2788 738 2822 l.
757 2798 786 2823 c.
813 2799 845 2833 p.
864 2788 945 2824 354.
