2001 3099
230 275 497 318 Aeneadum
534 275 747 331 genetrix
780 277 933 321 vicino

551 361 719 390 nomen
755 347 902 404 Aprili

287 418 380 459 Das
393 418 570 460 Venus:
591 424 661 460 est
680 419 816 461 Marti
836 433 962 461 nam-

324 501 413 542 que
445 488 702 543 Aphrodita
735 503 900 533 comeS.

231 557 351 600 Maia
388 558 472 600 dea
507 574 563 601 an
598 559 745 602 maior
783 559 957 602 Maium

492 636 537 671 te
571 629 730 672 fecerit
762 638 902 684 aetas

284 700 506 755 Ambigo:
525 700 602 742 sed
623 701 771 742 mensi
786 708 962 743 estanc-

415 774 483 812 lor
513 777 707 826 uterque
740 772 900 815 bonus.

226 841 388 883 lunius
411 842 536 884 hunc
558 842 767 898 sequitur
788 843 958 899 duplici

381 913 682 955 celebrandus
716 914 901 962 honore,

281 982 374 1024 Seu
408 997 578 1026 nomen
614 986 732 1026 Iuno
765 984 863 1027 sive
897 985 960 1026 iu-

657 1061 798 1098 venta
831 1057 958 1098 dedif.

224 1123 337 1166 Inde
395 1124 605 1167 Dionaeo
660 1127 959 1182 praefulgens

596 1197 744 1240 Iulius
777 1204 899 1240 astro

283 1266 485 1310 Aestatis
532 1268 712 1311 mediae
752 1275 959 1326 tempora

662 1346 786 1382 certa
819 1346 957 1383 tenet.

224 1409 468 1463 Augustus
484 1409 692 1465 sequitur
709 1417 962 1466 cognatum

431 1495 457 1522 a
491 1481 685 1523 Caesare
718 1496 903 1532 nomen,

283 1550 457 1593 Ordine
490 1551 555 1594 sic
588 1551 698 1594 anni
720 1551 961 1608 proximus

676 1630 729 1665 ut
763 1624 960 1678 generis.

227 1695 492 1735 Nectuntur
535 1700 640 1749 post
678 1694 762 1736 hos
803 1707 961 1736 nume-

290 1778 485 1821 rumque
508 1779 565 1807 ex
583 1763 744 1807 ordine
767 1764 963 1821 signant

282 1835 566 1891 September,
589 1836 760 1878 Bacchi
779 1851 963 1878 munere

596 1908 752 1962 praela
785 1907 959 1963 rigans,

226 1977 286 2019 Et
319 1977 396 2032 qui
429 1977 650 2020 sementis
682 1992 764 2034 per
796 1984 908 2021 tem-

452 2062 566 2104 pora
598 2049 785 2092 faenore
818 2050 963 2091 laetus

289 2118 472 2161 October
502 2118 656 2175 cupidi
681 2134 811 2176 spem
835 2121 962 2164 fovet

716 2191 961 2247 agricolae,

225 2259 410 2316 Quique
448 2261 546 2303 salo
579 2275 794 2317 mergens
827 2263 912 2304 sol-

318 2330 492 2373 lemnia
523 2330 659 2387 signa
693 2333 962 2376 November

285 2401 576 2457 Praecipitat,
609 2403 735 2445 caelo
765 2417 873 2446 mox
896 2418 961 2446 re-

617 2473 771 2516 ditura
802 2488 900 2517 suo.

232 2543 509 2585 Concludam
540 2557 786 2586 numerum
821 2543 948 2600 geni-

372 2614 461 2656 alia
498 2615 615 2656 festa
649 2615 902 2658 December

285 2683 422 2738 Finit,
450 2690 503 2726 ut
525 2699 552 2726 a
573 2684 738 2728 bruma
754 2699 863 2728 mox
885 2701 961 2728 no-

511 2769 597 2799 vus
631 2770 783 2799 annus
815 2763 900 2800 eat.

970 140 1017 179 61

1040 281 1094 319 20
1113 278 1279 322 Omnis
1324 295 1437 335 ager
1470 282 1644 323 Bacchi
1683 296 1775 323 mu-

1281 366 1386 393 nere
1423 366 1537 395 voce
1569 359 1715 395 sonat.

1113 419 1376 464 Frondibus
1422 423 1605 466 amissis
1649 438 1775 479 repe-

1148 497 1256 534 tunt
1272 506 1356 534 sua
1374 493 1547 548 frigora
1555 508 1775 548 mensem,

1172 562 1287 605 Cum
1345 561 1458 619 iuga
1514 564 1774 608 Centaurus

1202 634 1323 676 celsa
1354 641 1591 690 retorquet
1623 650 1773 692 eques

1111 704 1406 759 Argumenta
1452 705 1548 759 tibi,
1592 707 1775 760 mensis,

1250 776 1473 826 concludo,
1510 777 1775 840 December,

1172 845 1263 899 Qui
1323 847 1535 902 quemvis
1599 862 1773 890 annum

1224 917 1437 959 claudere
1472 916 1599 971 (iure)
1633 926 1773 974 potes.
