2001 3099
949 171 1239 210 -54—

314 310 535 363 doctrina,
583 318 633 352 ut
675 310 739 352 ita
784 310 948 362 (licam,
998 309 1136 351 nimis
1169 308 1460 353 Varroniana
1506 325 1606 353 esse
1647 310 1870 354 videatur.

313 382 400 424 hoc
448 397 501 423 eo
542 380 692 437 inagis
732 380 975 434 credimus,
1024 394 1129 423 curn
1169 379 1371 423 sciamus
1416 380 1556 424 ctiam
1597 382 1688 424 alia
1732 397 1872 438 opera

314 453 537 496 Varronis
572 452 617 495 in
651 452 870 495 manibus
893 450 1089 494 Ausonii
1120 450 1273 494 fuisse.
1337 465 1443 494 eum
1469 453 1803 496 Hebdomadas
1826 461 1873 496 et

314 526 546 565 Numeros
582 521 800 566 habuisse
833 523 925 565 iam
954 537 1094 579 supra
1117 521 1333 566 vidimus.
1383 523 1463 565 sed
1487 522 1626 566 etiam
1650 525 1872 568 Varronis

313 596 369 637 dc
408 595 572 651 lingua
611 593 759 638 latina
796 593 901 637 libri
944 593 1153 637 Ausonio
1192 593 1455 637 innotuisse
1497 593 1723 649 videntur,
1765 610 1869 638 cum

314 667 505 708 verbum
548 668 699 708 Lucas
738 666 860 708 boves
902 665 949 708 in
991 665 1122 722 epist.
1156 667 1223 708 XI
1263 668 1313 707 12
1355 669 1414 722 (p.
1442 668 1526 707 237
1563 666 1628 723 P.)
1671 681 1754 722 pro
1787 668 1872 710 ele-

314 737 567 794 phantibus
600 735 831 791 adhibeat,
865 736 996 780 cuius
1020 736 1147 780 verbi
1183 735 1415 793 originem
1437 738 1585 781 Varro
1619 738 1676 780 de
1706 736 1872 794 lingua

316 809 462 852 latina
495 811 587 850 VII
621 811 676 851 39
715 807 932 851 illustrat.
993 807 1201 864 itemqne
1239 806 1337 851 veri
1375 814 1446 851 est
1483 807 1635 851 simile
1671 815 1871 865 poetam,

314 879 393 937 qui
426 878 473 922 in
507 894 577 937 ep.
602 881 767 924 XVIII
807 882 859 921 12
891 894 954 936 sq.
988 879 1051 936 (p.
1076 881 1159 921 255
1186 880 1252 934 Ρ.)
1284 882 1439 922 anates
1471 880 1716 936 remipedes
1747 879 1871 936 dicit,

315 950 536 995 Varronis
569 957 778 994 saturam
803 949 1099 1007 Menippeam
1122 948 1387 1006 Sexagesis‚
1418 950 1466 993 in
1500 964 1592 1008 qua
1613 952 1871 995 Varronem

315 1023 467 1066 verbis
490 1027 646 1065 anates
668 1022 915 1079 remipedes
937 1037 1037 1065 esse
1059 1036 1196 1065 usum
1221 1020 1405 1065 Nonius
1429 1036 1472 1079 p.
1491 1025 1587 1077 460,
1612 1025 1636 1064 8
1661 1029 1870 1078 testatur,

313 1094 496 1149 legisse.
563 1095 642 1136 scd
676 1093 871 1137 dubium
911 1092 1044 1137 nobis
1077 1091 1263 1137 videtur
1296 1108 1407 1148 esse,
1450 1107 1563 1136 num
1596 1101 1735 1150 poeta
1766 1093 1869 1138 illas

314 1167 429 1208 duas
454 1165 711 1208 sententias
733 1164 780 1208 in
806 1165 1145 1222 technopaegn.
1179 1166 1245 1209 VI
1269 1168 1285 1206 1
1309 1179 1371 1221 sq.
1391 1164 1627 1220 (p.159P.)
1645 1165 1870 1222 prolatas:

456 1235 638 1279 Iudicat
670 1237 717 1279 in
750 1236 906 1293 pueris
939 1235 1184 1293 septennia
1216 1234 1366 1292 prima
1398 1249 1550 1279 novus
1582 1236 1709 1291 dens,

459 1309 692 1351 I‘ubentcs
725 1322 874 1351 annos
906 1305 1139 1351 robustior
1172 1305 1400 1363 anticipat
1431 1322 1524 1350 vox

314 1395 370 1422 cx
395 1382 603 1424 Varrone
627 1380 727 1435 ipso
751 1378 1067 1436 assumpserit.
1132 1380 1388 1422 Varronem
1412 1376 1601 1434 quidem
1625 1385 1871 1436 utramque

313 1451 594 1494 sententiam
620 1450 887 1494 exhibuisse
921 1449 1051 1493 testis
1084 1456 1155 1492 est
1177 1448 1458 1492 Censorinus
1484 1449 1540 1492 de
1563 1449 1637 1493 die
1660 1449 1805 1493 natali
1831 1455 1869 1501 7,

314 1527 337 1564 2
355 1526 380 1575 ¹)
405 1529 451 1565 et
478 1526 540 1577 14,
565 1522 638 1578 7,2)
669 1521 838 1579 quibus
861 1521 909 1564 in
930 1520 1159 1578 capitibus
1178 1534 1285 1563 eum
1303 1535 1361 1563 ex
1379 1519 1601 1564 Varronis
1620 1519 1870 1564 Tuberone

314 1595 514 1651 pendere
549 1596 785 1647 constat.³)
848 1593 927 1636 sed
958 1592 1219 1635 sententiae
1255 1591 1394 1634 nimis
1417 1592 1636 1647 vulgares
1670 1607 1872 1636 commu-

315 1680 487 1722 nesque
521 1680 620 1707 esse
661 1663 777 1707 mihi
810 1663 1042 1718 videntur,
1088 1678 1228 1720 quam
1274 1670 1327 1706 ut
1359 1678 1416 1705 ex
1459 1662 1524 1705 eis
1567 1677 1673 1706 curn
1716 1662 1871 1721 aliqua

313 1736 640 1793 probabilitate
664 1734 823 1791 colligi
856 1734 1004 1792 possit
1027 1734 1288 1778 Ausonium
1312 1734 1609 1777 Tuberonem
1638 1734 1869 1779 habuisse.

314 1807 497 1851 Gellius
531 1810 601 1850 III
641 1810 703 1861 10,
741 1809 838 1860 12⁴)
878 1820 963 1849 nos
996 1806 1132 1849 docet
1163 1808 1422 1850 Varronem
1454 1803 1595 1848 etiam
1635 1806 1682 1848 in
1721 1806 1869 1863 primo

316 1878 586 1935 Imaginum
615 1877 732 1921 libro
761 1878 889 1920 illam
922 1876 1120 1934 priorem
1155 1876 1438 1920 sententiam
1470 1876 1730 1933 protulisse.
1792 1892 1870 1934 po-

315 1949 405 1993 tuit
447 1950 594 2005 igitur
631 1947 869 1992 Ausonius
912 1963 1015 1992 eam
1060 1947 1200 1992 etiam
1244 1964 1300 1991 ex
1346 1948 1434 1991 hoc
1478 1963 1616 2004 opere
1649 1948 1869 1993 Varronis

314 2022 596 2077 depromere,
619 2020 739 2077 quod
765 2020 810 2062 in
837 2020 935 2063 eius
958 2019 1175 2062 manibus
1197 2018 1340 2062 fuisse
1365 2026 1541 2062 certum
1566 2026 1646 2063 est.
1679 2019 1870 2076 posteri-

314 2107 437 2134 orem
475 2107 585 2136 vero
623 2090 906 2135 sententiam
945 2091 1100 2147 potuit
1133 2091 1338 2134 mutuari
1372 2106 1429 2133 ex
1464 2089 1601 2133 Plinii
1633 2092 1692 2133 N.
1720 2093 1778 2134 H.
1798 2093 1866 2133 XI

316 2167 447 2217 270‚⁵)
481 2163 613 2206 cuius
645 2162 886 2206 volumina
909 2162 1117 2205 Ausonio
1140 2177 1167 2205 a
1188 2162 1470 2217 Symmacho
1501 2176 1601 2205 esse
1623 2160 1765 2204 missa
1786 2162 1869 2205 sci-

461 2295 485 2339 ¹)
510 2295 698 2340 ⁸siquidem
815 2296 897 2340 post
927 2296 1120 2339 septimum
1153 2304 1315 2330 mensem
1348 2294 1475 2329 dentes
1506 2295 1610 2329 nobis
1641 2296 1869 2331 innascantur

314 2355 483 2398 idemque
515 2355 598 2399 post
629 2355 822 2400 septimum
855 2354 983 2389 cadant
1015 2364 1161 2396 annum,
1195 2354 1321 2399 quarto
1355 2354 1495 2389 decimo
1526 2354 1645 2389 autem
1670 2354 1867 2399 pubescere

314 2413 519 2448 soleainus'.

459 2474 484 2513 2)
512 2474 643 2508 ‘tamen
669 2474 703 2507 in
730 2473 888 2508 secunda
915 2473 1144 2508 hebdomade
1171 2473 1228 2507 vel
1256 2473 1448 2517 incipiente
1474 2473 1575 2508 tertia
1598 2481 1725 2507 vocem
1744 2474 1867 2508 crassi-

315 2542 412 2567 oicm
440 2534 474 2567 et
501 2532 765 2577 inaequabilem
791 2532 892 2567 fieri'.

458 2592 485 2632 ³)
513 2591 555 2626 cf.
583 2591 620 2626 P.
639 2590 770 2626 Weber
795 2591 816 2626 1.
836 2601 863 2626 c.
884 2601 917 2636 p.
937 2592 983 2627 39
1009 2592 1044 2626 et
1069 2591 1109 2626 41
1140 2602 1194 2636 sq.

458 2652 484 2695 ⁴¹)
513 2650 653 2685 ‘dentes
681 2679 687 2685 .
708 2678 714 2684 .
735 2678 742 2685 .
770 2652 818 2686 ait
843 2650 983 2694 (Varro)
1012 2678 1018 2684 .
1040 2678 1046 2685 .
1073 2650 1201 2685 cadere
1227 2652 1331 2685 annIs
1357 2650 1540 2695 septimis‘.

457 2710 484 2753 ⁵)
512 2712 593 2744 ‘vox
621 2709 804 2745 roboratur
830 2719 849 2744 a
874 2708 963 2744 XIIII
991 2709 1115 2744 annis’.
1154 2710 1226 2744 veri
1252 2709 1471 2743 simillimum
1495 2708 1634 2743 videtur
1652 2718 1732 2743 esse
1750 2708 1864 2744 Auso-

315 2770 413 2803 nium
441 2769 536 2803 hunc
554 2768 656 2803 Plinii
684 2768 801 2803 locum
829 2770 862 2803 in
891 2769 1000 2803 altero
1027 2779 1131 2803 versu
1159 2768 1411 2813 componendo
1437 2768 1519 2802 ante
1542 2767 1666 2802 oculos
1684 2767 1865 2810 habuisse,

315 2837 395 2862 cum
422 2827 549 2862 iisdem
576 2828 633 2862 vel
659 2828 850 2863 simillimis
875 2828 993 2863 verbis
1017 2828 1125 2873 atque
1144 2827 1278 2863 PlinIus
1303 2835 1380 2868 (vox
1396 2827 1575 2871 robustior)
1602 2829 1718 2862 utatur
1735 2827 1771 2862 et
1787 2827 1865 2862 aliis
