2001 3099
814 130 984 169 -15
1049 153 1101 157 ..-

183 274 437 315 Varronem
481 271 669 326 legerat,
715 269 1003 312 confudisse?
1070 276 1118 311 at
1165 269 1453 323 singularem
1504 267 1631 310 illam
1679 268 1734 310 de

183 343 357 396 achate,
380 342 456 398 qui
484 348 718 397 tamquam
744 355 875 382 corus
899 339 1106 396 spiraret,
1131 339 1413 381 sententiam
1437 353 1530 381 non
1555 345 1735 394 poterat

182 413 415 456 Ausonius
460 427 484 454 e
522 410 670 454 Plinio
709 411 990 467 depromere.
1063 424 1181 466 quae
1223 423 1326 451 cum
1373 408 1438 452 ita
1487 409 1590 463 sint,
1638 409 1734 452 veri

183 483 378 527 similius
411 483 525 525 mihi
558 481 742 525 videtur
774 496 874 524 esse
896 480 987 524 iam
1012 482 1268 525 Varronem
1292 480 1339 522 in
1363 480 1735 523 hebdomadibus

184 555 298 598 falso
337 554 462 596 illam
510 554 715 596 fabulam
754 552 801 595 in
849 553 1149 595 Dinocratem
1197 550 1490 594 transtulisse
1538 550 1737 607 indeque

183 625 443 669 Ausonium
487 625 699 681 pendere.
763 630 808 667 et
844 625 902 667 H.
929 624 1133 679 Brunn¹)
1170 621 1426 665 rectissime
1459 621 1738 665 iudicavisse

184 695 297 740 mihi
332 696 535 739 videtur:
572 696 663 738 ‘der
686 695 896 740 Erbauer
925 692 1074 736 dieser
1097 694 1235 737 Stadt
1268 694 1364 735 und
1389 693 1469 735 der
1490 692 1739 735 Architekt

184 768 263 810 des
302 766 519 822 Tempels
559 766 638 808 der
680 765 874 808 Arsinoe
912 765 1103 807 konnen
1143 764 1286 807 daher
1329 762 1596 817 unmoglich
1637 762 1740 806 eine

186 841 354 881 Person
393 837 502 880 sein.
568 837 699 880 Doch
739 837 859 880 ware
899 851 947 878 es
986 835 1237 878 wiederum
1279 833 1505 890 aufffiillig,
1543 833 1616 876 bei
1650 835 1737 876 Au-

184 908 341 952 sonius
387 916 522 952 unter
569 909 658 951 den
705 907 1074 950 bedentendsten
1120 905 1426 948 Architekten
1473 904 1603 948 nicht
1650 905 1739 947 den

184 980 459 1023 beriihmten
501 980 823 1032 Deinokrates,
863 978 1063 1021 sondern
1105 978 1241 1019 einen
1283 975 1440 1032 wenig
1472 976 1738 1019 bekannten

186 1051 471 1093 Dinochares
514 1051 624 1093 oder
665 1050 784 1092 nach
827 1048 1004 1091 Plinius
1043 1047 1347 1090 Timochares
1388 1047 1643 1103 angefiihrt
1685 1062 1739 1090 zu

184 1121 354 1164 finden.
404 1124 555 1166 Unter
589 1122 747 1164 diesen
773 1120 1065 1164 Umstanden
1101 1119 1213 1161 wird
1248 1119 1351 1162 eine
1382 1117 1742 1175 Entscheidung

184 1193 371 1246 schwer,
404 1194 499 1235 und
534 1198 613 1236 wir
646 1192 830 1235 werden
865 1206 918 1234 zu
953 1191 1058 1233 dem
1091 1190 1328 1235 Verdacht
1363 1190 1610 1246 gedrangt,
1652 1190 1742 1232 dass

185 1265 328 1307 sehon
352 1263 415 1306 im
440 1265 701 1306 Altertume
724 1262 826 1305 eine
851 1261 1156 1318 Verwirrung
1178 1262 1224 1304 in
1250 1262 1329 1304 der
1354 1261 1743 1317 Ueberlieferung

186 1335 464 1377 entstanden
498 1335 575 1389 sei,
608 1335 763 1377 indem
797 1348 905 1376 man
944 1332 1261 1375 Nachrichten
1303 1334 1416 1375 iiber
1450 1335 1628 1375 Bauten
1663 1332 1742 1375 des

186 1405 379 1449 zweiten
422 1406 704 1448 Ptolemaers
740 1403 981 1448 {alschlich
1022 1405 1102 1447 auf
1139 1404 1228 1446 den
1269 1405 1538 1447 bekannten
1575 1403 1744 1447 Deino—

188 1477 344 1519 krates
377 1477 659 1532 fibertragen
693 1476 844 1519 haben
879 1474 1088 1518 mochte.'
1152 1475 1232 1518 sed
1272 1475 1308 1517 si
1349 1481 1487 1531 putas
1520 1475 1645 1517 hunc
1678 1490 1741 1517 er-

187 1562 347 1597 rorem,
387 1561 477 1603 quo
517 1546 756 1590 Dinocrati
797 1560 913 1603 opus
952 1555 1023 1589 est
1061 1544 1362 1602 adscriptum,
1408 1546 1530 1602 quod
1571 1545 1610 1588 ei
1651 1561 1742 1589 non

188 1625 287 1661 erat
318 1617 685 1672 adscribendum,
724 1617 969 1660 abhorrere
1003 1632 1028 1659 a
1052 1617 1274 1660 Varronis
1308 1616 1523 1671 sollertia,
1558 1631 1743 1659 necesse

188 1697 258 1733 est
302 1703 458 1732 sumas
501 1687 759 1731 Ausonium
799 1688 922 1730 hanc
966 1687 1171 1730 fabulam
1219 1702 1275 1730 ex
1323 1686 1413 1730 alio
1451 1688 1579 1730 fonte
1618 1686 1743 1730 addi-

188 1760 320 1814 disse,
354 1774 446 1802 non
481 1775 538 1802 ex
573 1758 730 1802 Plinio.
795 1759 919 1816 quod
953 1773 1062 1801 vero
1096 1758 1140 1801 C.
1162 1757 1339 1801 Hosius
1362 1765 1602 1815 praeterea
1628 1758 1742 1802 Plin.

191 1834 244 1874 N.
270 1833 326 1874 H.
352 1832 559 1875 XXXVI
585 1833 638 1873 68
672 1831 818 1885 affert,
858 1844 964 1873 cum
1005 1828 1129 1872 dicat
1169 1828 1308 1872 etiam
1342 1830 1469 1872 hunc
1502 1830 1655 1873 locum
1688 1830 1744 1872 ab

188 1900 389 1945 Ausonio
413 1916 512 1945 esse
536 1915 819 1958 expressum,
842 1900 1010 1944 iterum
1034 1914 1184 1943 errare
1207 1899 1321 1943 mihi
1341 1899 1539 1944 videtur.
1572 1915 1744 1955 vereor,

189 1988 246 2016 ne
279 1972 349 2017 vir
381 1973 676 2016 doctissimus
711 1970 904 2016 Ausonii
938 1971 1079 2015 verba

832 2043 1008 2100 quadro
1041 2041 1114 2085 cui
1148 2042 1195 2084 in
1228 2041 1418 2100 fastigia
1452 2058 1568 2086 cono

329 2115 482 2172 surgit
514 2121 560 2158 et
591 2115 691 2172 ipsa
725 2128 833 2157 suas
867 2112 1101 2157 consumit
1133 2114 1337 2170 pyramis
1370 2114 1559 2157 umbras

189 2202 282 2230 non
315 2193 439 2230 recte
476 2186 808 2243 interpretatus
847 2185 917 2228 sit.
982 2199 1089 2227 nam
1124 2186 1201 2227 cui
1230 2199 1323 2228 non
1357 2185 1414 2228 ad
1448 2186 1744 2233 Dinochares,

191 2258 270 2300 sed
294 2258 351 2300 ad
381 2257 684 2300 Ptolomaidos
715 2257 851 2300 aulae
883 2253 1096 2299 similiter
1128 2263 1268 2313 atque
1301 2255 1347 2299 in
1383 2272 1426 2300 v.
1464 2259 1547 2299 309
1583 2258 1658 2299 culs
1688 2258 1744 2299 ad

190 2329 420 2371 Minervae
466 2342 565 2371 esse
611 2328 906 2371 referendum
952 2325 1137 2370 monuit
1183 2327 1277 2370 iam
1326 2329 1374 2374 L.
1408 2326 1652 2382 Urlichs2),
1696 2334 1746 2370 ut

191 2400 263 2443 his
303 2399 512 2443 versibus
551 2399 762 2442 nondum
800 2400 1029 2443 habeatur
1068 2397 1346 2442 Dinocharis
1387 2398 1516 2453 ratio,
1556 2399 1635 2442 sed
1675 2414 1747 2442 res

191 2469 396 2528 Aegypti
440 2470 626 2527 propria
671 2468 862 2514 dicatur.
941 2476 987 2513 et
1034 2470 1285 2514 Ptolomais
1334 2470 1442 2513 aula
1489 2470 1516 2514 i.
1553 2485 1590 2513 c.
1639 2470 1747 2513 aula

191 2541 322 2598 regia
356 2541 730 2584 Ptolomaeorum
769 2555 860 2584 non
901 2540 1177 2585 Arsinoeum
1212 2548 1265 2584 ut
1304 2541 1407 2585 vult
1441 2541 1627 2595 Hosius,
1666 2542 1744 2584 sed

193 2611 474 2655 Alexandria
507 2612 617 2655 urbs
649 2612 966 2669 intellegenda
1000 2613 1185 2656 videtur
1219 2612 1379 2668 65563).
1428 2611 1585 2669 itaque
1611 2610 1749 2655 Dino-

194 2686 316 2690 -„„
338 2708 363 2749 ¹)
391 2706 413 2744 1.
432 2717 460 2742 c.
480 2707 506 2742 11
526 2717 558 2752 p.
579 2706 658 2743 354.

336 2767 364 2809 2)
391 2766 411 2801 l.
431 2776 459 2801 c.
480 2777 512 2812 p.
531 2766 600 2801 472
619 2767 704 2802 extr.
851 2767 879 2809 ³)
907 2765 949 2802 cf.
969 2767 1005 2804 L.
1024 2767 1165 2803 Ulrichs
1192 2767 1213 2803 1.
1232 2777 1260 2803 c.
1283 2777 1314 2812 p.
1335 2766 1413 2802 473.
