<?xml version="1.0" encoding="UTF-8"?>
<!DOCTYPE html PUBLIC "-//W3C//DTD XHTML 1.0 Transitional//EN"
    "http://www.w3.org/TR/xhtml1/DTD/xhtml1-transitional.dtd">
<html xmlns="http://www.w3.org/1999/xhtml" xml:lang="en" lang="en">
 <head>
  <title>
</title>
<meta http-equiv="Content-Type" content="text/html;charset=utf-8" />
  <meta name='ocr-system' content='tesseract 3.04.00' />
  <meta name='ocr-capabilities' content='ocr_page ocr_carea ocr_par ocr_line ocrx_word'/>
</head>
<body>
  <div class='ocr_page' id='page_1' title='image "./devarroneetsueto00reeh_0020.png"; bbox 0 0 2001 3099; ppageno 0'>
   <div class='ocr_carea' id='block_1_1' title="bbox 873 146 1161 184">
    <p class='ocr_par' dir='ltr' id='par_1_1' title="bbox 873 146 1161 184">
     <span class='ocr_line' id='line_1_1' title="bbox 873 146 1161 184; baseline 0.003 -12"><span class='ocrx_word' id='word_1_1' title='bbox 873 169 922 172; x_wconf 71' lang='grc'>-,-,</span> <span class='ocrx_word' id='word_1_2' title='bbox 995 146 1042 184; x_wconf 69' lang='lat'>13</span> <span class='ocrx_word' id='word_1_3' title='bbox 1110 168 1161 173; x_wconf 48' lang='lat' dir='ltr'>,NJ</span> 
     </span>
    </p>
   </div>
   <div class='ocr_carea' id='block_1_2' title="bbox 223 283 1797 2479">
    <p class='ocr_par' dir='ltr' id='par_1_2' title="bbox 223 283 1797 2479">
     <span class='ocr_line' id='line_1_2' title="bbox 378 283 1794 340; baseline 0 -13"><span class='ocrx_word' id='word_1_4' title='bbox 378 292 516 340; x_wconf 82' lang='lat' dir='ltr'>atque</span> <span class='ocrx_word' id='word_1_5' title='bbox 550 285 636 326; x_wconf 90' lang='lat' dir='ltr'>hoc</span> <span class='ocrx_word' id='word_1_6' title='bbox 670 284 871 339; x_wconf 88' lang='lat' dir='ltr'>primum</span> <span class='ocrx_word' id='word_1_7' title='bbox 913 291 1107 340; x_wconf 76' lang='lat' dir='ltr'>apparet</span> <span class='ocrx_word' id='word_1_8' title='bbox 1140 283 1487 327; x_wconf 86' lang='lat' dir='ltr'>Cassiodorium</span> <span class='ocrx_word' id='word_1_9' title='bbox 1520 284 1794 328; x_wconf 86' lang='lat' dir='ltr'>Senatorem</span> 
     </span>
     <span class='ocr_line' id='line_1_3' title="bbox 240 354 1795 411; baseline -0.001 -12"><span class='ocrx_word' id='word_1_10' title='bbox 240 358 342 399; x_wconf 69' lang='lat' dir='ltr'>Var.</span> <span class='ocrx_word' id='word_1_11' title='bbox 366 358 453 399; x_wconf 87' lang='lat' dir='ltr'>VII</span> <span class='ocrx_word' id='word_1_12' title='bbox 479 359 540 409; x_wconf 77' lang='lat'>15,</span> <span class='ocrx_word' id='word_1_13' title='bbox 566 359 588 396; x_wconf 73' lang='lat'>4</span> <span class='ocrx_word' id='word_1_14' title='bbox 616 354 796 411; x_wconf 83' lang='lat' dir='ltr'>Hygini</span> <span class='ocrx_word' id='word_1_15' title='bbox 818 356 975 398; x_wconf 80' lang='lat' dir='ltr'>fabula</span> <span class='ocrx_word' id='word_1_16' title='bbox 994 358 1079 398; x_wconf 80' lang='lat'>223</span> <span class='ocrx_word' id='word_1_17' title='bbox 1105 370 1206 398; x_wconf 85' lang='lat' dir='ltr'>esse</span> <span class='ocrx_word' id='word_1_18' title='bbox 1225 369 1376 399; x_wconf 88' lang='lat' dir='ltr'>usum.</span> <span class='ocrx_word' id='word_1_19' title='bbox 1415 354 1491 398; x_wconf 91' lang='lat' dir='ltr'>hic</span> <span class='ocrx_word' id='word_1_20' title='bbox 1511 357 1571 398; x_wconf 91' lang='lat' dir='ltr'>H.</span> <span class='ocrx_word' id='word_1_21' title='bbox 1590 355 1795 409; x_wconf 82' lang='lat' dir='ltr'>Schott1)</span> 
     </span>
     <span class='ocr_line' id='line_1_4' title="bbox 237 425 1796 483; baseline 0.001 -14"><span class='ocrx_word' id='word_1_22' title='bbox 237 442 411 482; x_wconf 81' lang='lat' dir='ltr'>magno</span> <span class='ocrx_word' id='word_1_23' title='bbox 445 441 596 469; x_wconf 89' lang='lat' dir='ltr'>errore</span> <span class='ocrx_word' id='word_1_24' title='bbox 631 427 777 469; x_wconf 91' lang='lat' dir='ltr'>teneri</span> <span class='ocrx_word' id='word_1_25' title='bbox 813 425 928 468; x_wconf 87' lang='lat' dir='ltr'>mihi</span> <span class='ocrx_word' id='word_1_26' title='bbox 963 426 1162 481; x_wconf 82' lang='lat' dir='ltr'>videtur,</span> <span class='ocrx_word' id='word_1_27' title='bbox 1196 425 1273 483; x_wconf 92' lang='lat' dir='ltr'>qui</span> <span class='ocrx_word' id='word_1_28' title='bbox 1309 425 1426 470; x_wconf 81' lang='lat' dir='ltr'>dixit</span> <span class='ocrx_word' id='word_1_29' title='bbox 1451 426 1796 470; x_wconf 88' lang='lat' dir='ltr'>Cassiodorium</span> 
     </span>
     <span class='ocr_line' id='line_1_5' title="bbox 234 497 1797 554; baseline -0.001 -13"><span class='ocrx_word' id='word_1_30' title='bbox 234 505 412 554; x_wconf 82' lang='lat' dir='ltr'>septem</span> <span class='ocrx_word' id='word_1_31' title='bbox 460 498 793 540; x_wconf 74' lang='lat' dir='ltr'>miraculorum</span> <span class='ocrx_word' id='word_1_32' title='bbox 845 497 1245 540; x_wconf 80' lang='lat' dir='ltr'>enumerationem</span> <span class='ocrx_word' id='word_1_33' title='bbox 1290 513 1313 540; x_wconf 91' lang='lat' dir='ltr'>e</span> <span class='ocrx_word' id='word_1_34' title='bbox 1357 498 1579 541; x_wconf 82' lang='lat' dir='ltr'>Varronis</span> <span class='ocrx_word' id='word_1_35' title='bbox 1626 498 1797 541; x_wconf 88' lang='lat' dir='ltr'>hebdo-</span> 
     </span>
     <span class='ocr_line' id='line_1_6' title="bbox 235 568 1796 625; baseline 0 -14"><span class='ocrx_word' id='word_1_36' title='bbox 235 570 450 612; x_wconf 76' lang='lat' dir='ltr'>madibus</span> <span class='ocrx_word' id='word_1_37' title='bbox 484 568 827 625; x_wconf 79' lang='lat' dir='ltr'>deprompsisse</span> <span class='ocrx_word' id='word_1_38' title='bbox 861 569 981 611; x_wconf 89' lang='lat' dir='ltr'>sicut</span> <span class='ocrx_word' id='word_1_39' title='bbox 1008 569 1269 624; x_wconf 81' lang='lat' dir='ltr'><strong>Hyginum.</strong></span> <span class='ocrx_word' id='word_1_40' title='bbox 1325 569 1539 625; x_wconf 86' lang='lat' dir='ltr'>quamvis</span> <span class='ocrx_word' id='word_1_41' title='bbox 1563 585 1619 612; x_wconf 85' lang='lat' dir='ltr'>ex</span> <span class='ocrx_word' id='word_1_42' title='bbox 1644 569 1796 612; x_wconf 86' lang='lat' dir='ltr'>Gellio</span> 
     </span>
     <span class='ocr_line' id='line_1_7' title="bbox 236 639 1795 696; baseline 0.001 -14"><span class='ocrx_word' id='word_1_43' title='bbox 236 643 306 682; x_wconf 78' lang='grc' dir='ltr'>ΙΙΙ</span> <span class='ocrx_word' id='word_1_44' title='bbox 338 645 401 692; x_wconf 86' lang='grc'>10,</span> <span class='ocrx_word' id='word_1_45' title='bbox 433 643 480 682; x_wconf 87' lang='grc'>16</span> <span class='ocrx_word' id='word_1_46' title='bbox 508 647 689 683; x_wconf 90' lang='lat' dir='ltr'>constet</span> <span class='ocrx_word' id='word_1_47' title='bbox 714 642 970 683; x_wconf 87' lang='lat' dir='ltr'>Varronem</span> <span class='ocrx_word' id='word_1_48' title='bbox 1002 639 1048 682; x_wconf 91' lang='lat' dir='ltr'>in</span> <span class='ocrx_word' id='word_1_49' title='bbox 1079 640 1229 696; x_wconf 86' lang='lat' dir='ltr'>primo</span> <span class='ocrx_word' id='word_1_50' title='bbox 1254 639 1521 696; x_wconf 82' lang='lat' dir='ltr'>Imaginurn</span> <span class='ocrx_word' id='word_1_51' title='bbox 1553 640 1669 683; x_wconf 90' lang='lat' dir='ltr'>libro</span> <span class='ocrx_word' id='word_1_52' title='bbox 1698 656 1795 696; x_wconf 87' lang='lat' dir='ltr'>sep-</span> 
     </span>
     <span class='ocr_line' id='line_1_8' title="bbox 235 711 1795 765; baseline 0.001 -11"><span class='ocrx_word' id='word_1_53' title='bbox 235 721 324 755; x_wconf 87' lang='lat' dir='ltr'>tem</span> <span class='ocrx_word' id='word_1_54' title='bbox 346 712 569 754; x_wconf 88' lang='lat' dir='ltr'>miracula</span> <span class='ocrx_word' id='word_1_55' title='bbox 590 711 950 765; x_wconf 86' lang='lat' dir='ltr'>enumeravisse,</span> <span class='ocrx_word' id='word_1_56' title='bbox 972 717 1126 754; x_wconf 86' lang='lat' dir='ltr'>tamen</span> <span class='ocrx_word' id='word_1_57' title='bbox 1148 711 1492 754; x_wconf 86' lang='lat' dir='ltr'>Cassiodorium</span> <span class='ocrx_word' id='word_1_58' title='bbox 1513 726 1569 754; x_wconf 83' lang='lat' dir='ltr'>ex</span> <span class='ocrx_word' id='word_1_59' title='bbox 1588 713 1795 756; x_wconf 85' lang='lat' dir='ltr'>Varrone</span> 
     </span>
     <span class='ocr_line' id='line_1_9' title="bbox 232 781 1792 839; baseline 0.001 -15"><span class='ocrx_word' id='word_1_60' title='bbox 232 782 333 839; x_wconf 87' lang='lat' dir='ltr'>ipso</span> <span class='ocrx_word' id='word_1_61' title='bbox 379 784 500 825; x_wconf 80' lang='lat' dir='ltr'>lianc</span> <span class='ocrx_word' id='word_1_62' title='bbox 543 782 785 825; x_wconf 88' lang='lat' dir='ltr'>scientiam</span> <span class='ocrx_word' id='word_1_63' title='bbox 835 781 1045 825; x_wconf 82' lang='lat' dir='ltr'>hausisse</span> <span class='ocrx_word' id='word_1_64' title='bbox 1088 783 1376 838; x_wconf 88' lang='lat' dir='ltr'>negaverim.</span> <span class='ocrx_word' id='word_1_65' title='bbox 1437 797 1545 824; x_wconf 91' lang='lat' dir='ltr'>nam</span> <span class='ocrx_word' id='word_1_66' title='bbox 1594 797 1698 825; x_wconf 90' lang='lat' dir='ltr'>cum</span> <span class='ocrx_word' id='word_1_67' title='bbox 1747 784 1792 826; x_wconf 91' lang='lat' dir='ltr'>in</span> 
     </span>
     <span class='ocr_line' id='line_1_10' title="bbox 233 853 1794 911; baseline 0.001 -15"><span class='ocrx_word' id='word_1_68' title='bbox 233 854 389 898; x_wconf 89' lang='lat' dir='ltr'>medio</span> <span class='ocrx_word' id='word_1_69' title='bbox 424 854 757 910; x_wconf 77' lang='lat' dir='ltr'>relinquamus,</span> <span class='ocrx_word' id='word_1_70' title='bbox 782 869 891 897; x_wconf 88' lang='lat' dir='ltr'>num</span> <span class='ocrx_word' id='word_1_71' title='bbox 922 853 1146 910; x_wconf 76' lang='lat' dir='ltr'>Hyginus</span> <span class='ocrx_word' id='word_1_72' title='bbox 1178 854 1254 896; x_wconf 89' lang='lat' dir='ltr'>hic</span> <span class='ocrx_word' id='word_1_73' title='bbox 1287 869 1311 896; x_wconf 92' lang='lat' dir='ltr'>e</span> <span class='ocrx_word' id='word_1_74' title='bbox 1339 856 1548 898; x_wconf 89' lang='lat' dir='ltr'>Varrone</span> <span class='ocrx_word' id='word_1_75' title='bbox 1581 855 1794 911; x_wconf 79' lang='lat' dir='ltr'>pendeat,</span> 
     </span>
     <span class='ocr_line' id='line_1_11' title="bbox 232 925 1793 982; baseline 0.001 -14"><span class='ocrx_word' id='word_1_76' title='bbox 232 941 322 982; x_wconf 89' lang='lat' dir='ltr'>quo</span> <span class='ocrx_word' id='word_1_77' title='bbox 367 927 506 968; x_wconf 81' lang='lat' dir='ltr'>inodo</span> <span class='ocrx_word' id='word_1_78' title='bbox 551 925 649 968; x_wconf 76' lang='lat' dir='ltr'>fieri</span> <span class='ocrx_word' id='word_1_79' title='bbox 691 926 901 982; x_wconf 90' lang='lat' dir='ltr'>potuisse</span> <span class='ocrx_word' id='word_1_80' title='bbox 944 932 1099 981; x_wconf 81' lang='lat' dir='ltr'>putas,</span> <span class='ocrx_word' id='word_1_81' title='bbox 1144 933 1195 968; x_wconf 91' lang='lat' dir='ltr'>ut</span> <span class='ocrx_word' id='word_1_82' title='bbox 1238 932 1434 982; x_wconf 89' lang='lat' dir='ltr'>uterque</span> <span class='ocrx_word' id='word_1_83' title='bbox 1478 925 1674 982; x_wconf 83' lang='lat' dir='ltr'>scriptor</span> <span class='ocrx_word' id='word_1_84' title='bbox 1718 930 1793 979; x_wconf 60' lang='lat' dir='ltr'>(sc,</span> 
     </span>
     <span class='ocr_line' id='line_1_12' title="bbox 233 997 1794 1054; baseline -0.001 -14"><span class='ocrx_word' id='word_1_85' title='bbox 233 998 457 1054; x_wconf 86' lang='lat' dir='ltr'>Hyginus</span> <span class='ocrx_word' id='word_1_86' title='bbox 491 1005 537 1040; x_wconf 91' lang='lat' dir='ltr'>et</span> <span class='ocrx_word' id='word_1_87' title='bbox 565 997 903 1052; x_wconf 82' lang='lat' dir='ltr'>Cassiodorius)</span> <span class='ocrx_word' id='word_1_88' title='bbox 937 998 1052 1040; x_wconf 89' lang='lat' dir='ltr'>adeo</span> <span class='ocrx_word' id='word_1_89' title='bbox 1087 998 1143 1040; x_wconf 90' lang='lat' dir='ltr'>ad</span> <span class='ocrx_word' id='word_1_90' title='bbox 1169 998 1309 1040; x_wconf 80' lang='lat' dir='ltr'>verba</span> <span class='ocrx_word' id='word_1_91' title='bbox 1333 999 1593 1040; x_wconf 90' lang='lat' dir='ltr'>Varronem</span> <span class='ocrx_word' id='word_1_92' title='bbox 1629 998 1794 1040; x_wconf 83' lang='lat' dir='ltr'>exscri-</span> 
     </span>
     <span class='ocr_line' id='line_1_13' title="bbox 231 1067 1793 1125; baseline 0 -14"><span class='ocrx_word' id='word_1_93' title='bbox 231 1070 384 1112; x_wconf 84' lang='lat' dir='ltr'>beret?</span> <span class='ocrx_word' id='word_1_94' title='bbox 446 1083 597 1125; x_wconf 89' lang='lat' dir='ltr'>neque</span> <span class='ocrx_word' id='word_1_95' title='bbox 653 1068 776 1111; x_wconf 92' lang='lat' dir='ltr'>enim</span> <span class='ocrx_word' id='word_1_96' title='bbox 833 1069 983 1111; x_wconf 89' lang='lat' dir='ltr'>solum</span> <span class='ocrx_word' id='word_1_97' title='bbox 1032 1069 1197 1110; x_wconf 90' lang='lat' dir='ltr'>iisdem</span> <span class='ocrx_word' id='word_1_98' title='bbox 1252 1067 1497 1111; x_wconf 85' lang='lat' dir='ltr'>sententiis</span> <span class='ocrx_word' id='word_1_99' title='bbox 1547 1075 1593 1111; x_wconf 87' lang='lat' dir='ltr'>et</span> <span class='ocrx_word' id='word_1_100' title='bbox 1640 1067 1793 1111; x_wconf 88' lang='lat' dir='ltr'>verbis</span> 
     </span>
     <span class='ocr_line' id='line_1_14' title="bbox 231 1140 1792 1197; baseline -0.001 -14"><span class='ocrx_word' id='word_1_101' title='bbox 231 1147 481 1197; x_wconf 89' lang='lat' dir='ltr'>utrumque</span> <span class='ocrx_word' id='word_1_102' title='bbox 523 1140 591 1183; x_wconf 89' lang='lat' dir='ltr'>uti</span> <span class='ocrx_word' id='word_1_103' title='bbox 631 1140 860 1193; x_wconf 84' lang='lat' dir='ltr'>videmus,</span> <span class='ocrx_word' id='word_1_104' title='bbox 900 1141 979 1182; x_wconf 91' lang='lat' dir='ltr'>sed</span> <span class='ocrx_word' id='word_1_105' title='bbox 1021 1140 1163 1183; x_wconf 88' lang='lat' dir='ltr'>etiam</span> <span class='ocrx_word' id='word_1_106' title='bbox 1202 1141 1400 1182; x_wconf 89' lang='lat' dir='ltr'>eundem</span> <span class='ocrx_word' id='word_1_107' title='bbox 1439 1141 1684 1183; x_wconf 90' lang='lat' dir='ltr'>verborum</span> <span class='ocrx_word' id='word_1_108' title='bbox 1725 1155 1792 1182; x_wconf 92' lang='lat' dir='ltr'>or-</span> 
     </span>
     <span class='ocr_line' id='line_1_15' title="bbox 230 1210 1792 1268; baseline 0.001 -15"><span class='ocrx_word' id='word_1_109' title='bbox 230 1211 387 1254; x_wconf 85' lang='lat' dir='ltr'>dinem</span> <span class='ocrx_word' id='word_1_110' title='bbox 431 1211 554 1268; x_wconf 91' lang='lat' dir='ltr'>apud</span> <span class='ocrx_word' id='word_1_111' title='bbox 589 1218 840 1267; x_wconf 88' lang='lat' dir='ltr'>utrumque</span> <span class='ocrx_word' id='word_1_112' title='bbox 883 1210 1164 1254; x_wconf 88' lang='lat' dir='ltr'>invenimus.</span> <span class='ocrx_word' id='word_1_113' title='bbox 1220 1210 1357 1267; x_wconf 83' lang='lat' dir='ltr'>quid?</span> <span class='ocrx_word' id='word_1_114' title='bbox 1419 1212 1540 1267; x_wconf 91' lang='lat' dir='ltr'>quod</span> <span class='ocrx_word' id='word_1_115' title='bbox 1576 1211 1792 1263; x_wconf 79' lang='lat' dir='ltr'>scimus2)</span> 
     </span>
     <span class='ocr_line' id='line_1_16' title="bbox 231 1281 1791 1339; baseline -0.001 -14"><span class='ocrx_word' id='word_1_116' title='bbox 231 1283 577 1326; x_wconf 88' lang='lat' dir='ltr'>Cassiodorium</span> <span class='ocrx_word' id='word_1_117' title='bbox 602 1282 762 1325; x_wconf 88' lang='lat' dir='ltr'>multis</span> <span class='ocrx_word' id='word_1_118' title='bbox 786 1281 887 1325; x_wconf 87' lang='lat' dir='ltr'>aliis</span> <span class='ocrx_word' id='word_1_119' title='bbox 918 1297 1102 1339; x_wconf 90' lang='lat' dir='ltr'>quoque</span> <span class='ocrx_word' id='word_1_120' title='bbox 1126 1282 1370 1326; x_wconf 78' lang='lat' dir='ltr'>Variarum</span> <span class='ocrx_word' id='word_1_121' title='bbox 1405 1282 1518 1325; x_wconf 78' lang='lat' dir='ltr'>locis</span> <span class='ocrx_word' id='word_1_122' title='bbox 1543 1281 1791 1338; x_wconf 85' lang='lat' dir='ltr'>Hyginum</span> 
     </span>
     <span class='ocr_line' id='line_1_17' title="bbox 229 1353 1793 1411; baseline -0.001 -15"><span class='ocrx_word' id='word_1_123' title='bbox 229 1353 526 1397; x_wconf 85' lang='lat' dir='ltr'>adhibuisse?</span> <span class='ocrx_word' id='word_1_124' title='bbox 599 1355 655 1396; x_wconf 89' lang='lat' dir='ltr'>ad</span> <span class='ocrx_word' id='word_1_125' title='bbox 703 1354 791 1396; x_wconf 89' lang='grc'>1100</span> <span class='ocrx_word' id='word_1_126' title='bbox 836 1354 1052 1411; x_wconf 87' lang='lat' dir='ltr'>equidem</span> <span class='ocrx_word' id='word_1_127' title='bbox 1098 1368 1375 1410; x_wconf 91' lang='lat' dir='ltr'>persuasum</span> <span class='ocrx_word' id='word_1_128' title='bbox 1420 1355 1569 1396; x_wconf 90' lang='lat' dir='ltr'>habeo</span> <span class='ocrx_word' id='word_1_129' title='bbox 1617 1353 1793 1397; x_wconf 86' lang='lat' dir='ltr'>Cassio-</span> 
     </span>
     <span class='ocr_line' id='line_1_18' title="bbox 228 1424 1791 1482; baseline 0 -15"><span class='ocrx_word' id='word_1_130' title='bbox 228 1425 412 1468; x_wconf 86' lang='lat' dir='ltr'>dorium</span> <span class='ocrx_word' id='word_1_131' title='bbox 437 1425 590 1468; x_wconf 84' lang='lat' dir='ltr'>verbis</span> <span class='ocrx_word' id='word_1_132' title='bbox 623 1424 814 1468; x_wconf 89' lang='lat' dir='ltr'>incertis</span> <span class='ocrx_word' id='word_1_133' title='bbox 840 1426 985 1482; x_wconf 69' lang='lat' dir='ltr'>prisci</span> <span class='ocrx_word' id='word_1_134' title='bbox 1014 1426 1189 1468; x_wconf 71' lang='lat' dir='ltr'>sacculi</span> <span class='ocrx_word' id='word_1_135' title='bbox 1219 1429 1478 1468; x_wconf 69' lang='lat' dir='ltr'>narratores</span> <span class='ocrx_word' id='word_1_136' title='bbox 1510 1439 1603 1467; x_wconf 92' lang='lat' dir='ltr'>non</span> <span class='ocrx_word' id='word_1_137' title='bbox 1629 1426 1791 1468; x_wconf 87' lang='lat' dir='ltr'>Varro-</span> 
     </span>
     <span class='ocr_line' id='line_1_19' title="bbox 228 1495 1792 1553; baseline -0.001 -14"><span class='ocrx_word' id='word_1_138' title='bbox 228 1512 348 1551; x_wconf 85' lang='lat' dir='ltr'>nem,</span> <span class='ocrx_word' id='word_1_139' title='bbox 388 1511 526 1553; x_wconf 89' lang='lat' dir='ltr'>quem</span> <span class='ocrx_word' id='word_1_140' title='bbox 568 1495 659 1540; x_wconf 89' lang='lat' dir='ltr'>alio</span> <span class='ocrx_word' id='word_1_141' title='bbox 699 1497 799 1539; x_wconf 89' lang='lat' dir='ltr'>loco</span> <span class='ocrx_word' id='word_1_142' title='bbox 817 1500 846 1553; x_wconf 80' lang='lat'>3)</span> <span class='ocrx_word' id='word_1_143' title='bbox 885 1498 1215 1553; x_wconf 66' lang='lat' dir='ltr'>peritissimum</span> <span class='ocrx_word' id='word_1_144' title='bbox 1254 1498 1524 1539; x_wconf 71' lang='lat' dir='ltr'>Latinorum</span> <span class='ocrx_word' id='word_1_145' title='bbox 1568 1496 1792 1550; x_wconf 84' lang='lat' dir='ltr'>nominat,</span> 
     </span>
     <span class='ocr_line' id='line_1_20' title="bbox 227 1567 1792 1624; baseline -0.001 -13"><span class='ocrx_word' id='word_1_146' title='bbox 227 1569 526 1620; x_wconf 79' lang='lat' dir='ltr'>intellexisse,</span> <span class='ocrx_word' id='word_1_147' title='bbox 561 1575 613 1611; x_wconf 94' lang='lat' dir='ltr'>ut</span> <span class='ocrx_word' id='word_1_148' title='bbox 645 1572 745 1611; x_wconf 86' lang='lat' dir='ltr'>vult</span> <span class='ocrx_word' id='word_1_149' title='bbox 777 1569 957 1618; x_wconf 88' lang='lat' dir='ltr'>Schott‚</span> <span class='ocrx_word' id='word_1_150' title='bbox 993 1569 1071 1610; x_wconf 91' lang='lat' dir='ltr'>sed</span> <span class='ocrx_word' id='word_1_151' title='bbox 1100 1567 1361 1624; x_wconf 89' lang='lat' dir='ltr'>Hyginum,</span> <span class='ocrx_word' id='word_1_152' title='bbox 1394 1568 1656 1610; x_wconf 78' lang='lat' dir='ltr'>fabularum</span> <span class='ocrx_word' id='word_1_153' title='bbox 1692 1582 1792 1610; x_wconf 89' lang='lat' dir='ltr'>nar-</span> 
     </span>
     <span class='ocr_line' id='line_1_21' title="bbox 227 1639 1789 1696; baseline -0.001 -14"><span class='ocrx_word' id='word_1_154' title='bbox 227 1646 440 1693; x_wconf 82' lang='lat' dir='ltr'>ratorem,</span> <span class='ocrx_word' id='word_1_155' title='bbox 483 1646 528 1682; x_wconf 89' lang='lat' dir='ltr'>et</span> <span class='ocrx_word' id='word_1_156' title='bbox 571 1639 696 1693; x_wconf 90' lang='lat' dir='ltr'>alios,</span> <span class='ocrx_word' id='word_1_157' title='bbox 740 1646 791 1682; x_wconf 91' lang='lat' dir='ltr'>ut</span> <span class='ocrx_word' id='word_1_158' title='bbox 832 1639 1032 1686; x_wconf 88' lang='lat' dir='ltr'>Lucium</span> <span class='ocrx_word' id='word_1_159' title='bbox 1073 1639 1340 1696; x_wconf 85' lang='lat' dir='ltr'>Ampelium</span> <span class='ocrx_word' id='word_1_160' title='bbox 1375 1640 1471 1692; x_wconf 88' lang='lat' dir='ltr'>(lib.</span> <span class='ocrx_word' id='word_1_161' title='bbox 1505 1653 1639 1681; x_wconf 90' lang='lat' dir='ltr'>mem.</span> <span class='ocrx_word' id='word_1_162' title='bbox 1674 1640 1789 1683; x_wconf 85' lang='lat' dir='ltr'>VIII</span> 
     </span>
     <span class='ocr_line' id='line_1_22' title="bbox 233 1710 1791 1767; baseline 0 -14"><span class='ocrx_word' id='word_1_163' title='bbox 233 1712 420 1767; x_wconf 87' lang='lat'>18—23)</span> <span class='ocrx_word' id='word_1_164' title='bbox 444 1718 490 1754; x_wconf 91' lang='lat' dir='ltr'>et</span> <span class='ocrx_word' id='word_1_165' title='bbox 519 1718 757 1754; x_wconf 84' lang='lat' dir='ltr'>auctorem</span> <span class='ocrx_word' id='word_1_166' title='bbox 778 1711 1008 1755; x_wconf 87' lang='lat' dir='ltr'>Vibianae</span> <span class='ocrx_word' id='word_1_167' title='bbox 1043 1710 1324 1767; x_wconf 88' lang='lat' dir='ltr'>appendicis,</span> <span class='ocrx_word' id='word_1_168' title='bbox 1358 1711 1434 1767; x_wconf 87' lang='lat' dir='ltr'>qui</span> <span class='ocrx_word' id='word_1_169' title='bbox 1462 1712 1661 1753; x_wconf 91' lang='lat' dir='ltr'>eundem</span> <span class='ocrx_word' id='word_1_170' title='bbox 1692 1724 1791 1766; x_wconf 89' lang='lat' dir='ltr'>sep·</span> 
     </span>
     <span class='ocr_line' id='line_1_23' title="bbox 228 1782 1792 1839; baseline -0.001 -14"><span class='ocrx_word' id='word_1_171' title='bbox 228 1790 320 1825; x_wconf 84' lang='lat' dir='ltr'>tem</span> <span class='ocrx_word' id='word_1_172' title='bbox 348 1782 690 1825; x_wconf 82' lang='lat' dir='ltr'>miraculorum</span> <span class='ocrx_word' id='word_1_173' title='bbox 726 1783 996 1839; x_wconf 85' lang='lat' dir='ltr'>catalogum</span> <span class='ocrx_word' id='word_1_174' title='bbox 1036 1783 1262 1839; x_wconf 90' lang='lat' dir='ltr'>praebent</span> <span class='ocrx_word' id='word_1_175' title='bbox 1295 1789 1341 1825; x_wconf 89' lang='lat' dir='ltr'>et</span> <span class='ocrx_word' id='word_1_176' title='bbox 1374 1783 1431 1824; x_wconf 91' lang='lat' dir='ltr'>ad</span> <span class='ocrx_word' id='word_1_177' title='bbox 1462 1782 1662 1825; x_wconf 90' lang='lat' dir='ltr'>eundem</span> <span class='ocrx_word' id='word_1_178' title='bbox 1697 1782 1792 1824; x_wconf 83' lang='lat' dir='ltr'>fon-</span> 
     </span>
     <span class='ocr_line' id='line_1_24' title="bbox 227 1851 1787 1910; baseline -0.001 -15"><span class='ocrx_word' id='word_1_179' title='bbox 227 1861 321 1896; x_wconf 87' lang='lat' dir='ltr'>tem</span> <span class='ocrx_word' id='word_1_180' title='bbox 346 1854 571 1896; x_wconf 89' lang='lat' dir='ltr'>recedunt</span> <span class='ocrx_word' id='word_1_181' title='bbox 604 1860 743 1910; x_wconf 89' lang='lat' dir='ltr'>atque</span> <span class='ocrx_word' id='word_1_182' title='bbox 780 1852 1058 1909; x_wconf 83' lang='lat' dir='ltr'>Hyginus.⁴)</span> <span class='ocrx_word' id='word_1_183' title='bbox 1101 1854 1180 1896; x_wconf 90' lang='lat' dir='ltr'>sed</span> <span class='ocrx_word' id='word_1_184' title='bbox 1215 1861 1267 1896; x_wconf 91' lang='lat' dir='ltr'>ut</span> <span class='ocrx_word' id='word_1_185' title='bbox 1289 1869 1381 1896; x_wconf 88' lang='lat' dir='ltr'>non</span> <span class='ocrx_word' id='word_1_186' title='bbox 1406 1853 1573 1907; x_wconf 87' lang='lat' dir='ltr'>omnia,</span> <span class='ocrx_word' id='word_1_187' title='bbox 1603 1851 1787 1909; x_wconf 90' lang='lat' dir='ltr'>quaein</span> 
     </span>
     <span class='ocr_line' id='line_1_25' title="bbox 229 1924 1792 1981; baseline 0 -15"><span class='ocrx_word' id='word_1_188' title='bbox 229 1925 410 1981; x_wconf 85' lang='lat' dir='ltr'>Hygini</span> <span class='ocrx_word' id='word_1_189' title='bbox 458 1924 609 1981; x_wconf 86' lang='lat' dir='ltr'>capite</span> <span class='ocrx_word' id='word_1_190' title='bbox 654 1925 826 1981; x_wconf 89' lang='lat' dir='ltr'>scripta</span> <span class='ocrx_word' id='word_1_191' title='bbox 871 1925 1103 1978; x_wconf 88' lang='lat' dir='ltr'>videmus,</span> <span class='ocrx_word' id='word_1_192' title='bbox 1149 1925 1411 1981; x_wconf 87' lang='lat' dir='ltr'>exscripsit,</span> <span class='ocrx_word' id='word_1_193' title='bbox 1457 1925 1522 1967; x_wconf 89' lang='lat' dir='ltr'>ita</span> <span class='ocrx_word' id='word_1_194' title='bbox 1566 1924 1792 1967; x_wconf 85' lang='lat' dir='ltr'>nonnulla</span> 
     </span>
     <span class='ocr_line' id='line_1_26' title="bbox 227 1993 1792 2052; baseline 0 -15"><span class='ocrx_word' id='word_1_195' title='bbox 227 1997 285 2038; x_wconf 88' lang='lat' dir='ltr'>de</span> <span class='ocrx_word' id='word_1_196' title='bbox 319 2011 403 2039; x_wconf 91' lang='lat' dir='ltr'>suo</span> <span class='ocrx_word' id='word_1_197' title='bbox 436 1997 510 2039; x_wconf 81' lang='lat' dir='ltr'>vel</span> <span class='ocrx_word' id='word_1_198' title='bbox 544 1997 600 2039; x_wconf 91' lang='lat' dir='ltr'>de</span> <span class='ocrx_word' id='word_1_199' title='bbox 634 1995 724 2039; x_wconf 85' lang='lat' dir='ltr'>alio</span> <span class='ocrx_word' id='word_1_200' title='bbox 758 1995 982 2052; x_wconf 87' lang='lat' dir='ltr'>scriptore</span> <span class='ocrx_word' id='word_1_201' title='bbox 1017 1995 1187 2039; x_wconf 92' lang='lat' dir='ltr'>hausit.</span> <span class='ocrx_word' id='word_1_202' title='bbox 1254 2002 1305 2038; x_wconf 93' lang='lat' dir='ltr'>ut</span> <span class='ocrx_word' id='word_1_203' title='bbox 1343 1997 1390 2038; x_wconf 92' lang='lat' dir='ltr'>in</span> <span class='ocrx_word' id='word_1_204' title='bbox 1428 1995 1626 2039; x_wconf 89' lang='lat' dir='ltr'>Mausoli</span> <span class='ocrx_word' id='word_1_205' title='bbox 1666 1993 1792 2051; x_wconf 89' lang='lat' dir='ltr'>regis</span> 
     </span>
     <span class='ocr_line' id='line_1_27' title="bbox 230 2066 1791 2110; baseline -0.001 -1"><span class='ocrx_word' id='word_1_206' title='bbox 230 2073 537 2109; x_wconf 87' lang='lat' dir='ltr'>monumento</span> <span class='ocrx_word' id='word_1_207' title='bbox 591 2067 1001 2110; x_wconf 89' lang='lat' dir='ltr'>commemorando</span> <span class='ocrx_word' id='word_1_208' title='bbox 1055 2067 1250 2110; x_wconf 89' lang='lat' dir='ltr'>adnotat</span> <span class='ocrx_word' id='word_1_209' title='bbox 1302 2067 1541 2109; x_wconf 87' lang='lat' dir='ltr'>mausolea</span> <span class='ocrx_word' id='word_1_210' title='bbox 1594 2066 1650 2108; x_wconf 77' lang='lat' dir='ltr'>ab</span> <span class='ocrx_word' id='word_1_211' title='bbox 1704 2066 1791 2108; x_wconf 88' lang='lat' dir='ltr'>hoc</span> 
     </span>
     <span class='ocr_line' id='line_1_28' title="bbox 226 2136 1790 2195; baseline -0.001 -15"><span class='ocrx_word' id='word_1_212' title='bbox 226 2138 510 2194; x_wconf 84' lang='lat' dir='ltr'>generaliter</span> <span class='ocrx_word' id='word_1_213' title='bbox 543 2153 715 2181; x_wconf 90' lang='lat' dir='ltr'>nomen</span> <span class='ocrx_word' id='word_1_214' title='bbox 750 2138 940 2194; x_wconf 89' lang='lat' dir='ltr'>cepisse.</span> <span class='ocrx_word' id='word_1_215' title='bbox 984 2144 1124 2194; x_wconf 88' lang='lat' dir='ltr'>atque</span> <span class='ocrx_word' id='word_1_216' title='bbox 1157 2137 1204 2180; x_wconf 89' lang='lat' dir='ltr'>in</span> <span class='ocrx_word' id='word_1_217' title='bbox 1228 2138 1548 2194; x_wconf 89' lang='lat' dir='ltr'>pyramidibus</span> <span class='ocrx_word' id='word_1_218' title='bbox 1572 2136 1684 2195; x_wconf 88' lang='lat' dir='ltr'>ipsis</span> <span class='ocrx_word' id='word_1_219' title='bbox 1718 2151 1790 2178; x_wconf 82' lang='lat' dir='ltr'>ex-</span> 
     </span>
     <span class='ocr_line' id='line_1_29' title="bbox 227 2209 1790 2266; baseline -0.001 -15"><span class='ocrx_word' id='word_1_220' title='bbox 227 2209 454 2266; x_wconf 88' lang='lat' dir='ltr'>plicandis</span> <span class='ocrx_word' id='word_1_221' title='bbox 488 2209 668 2252; x_wconf 85' lang='lat' dir='ltr'>addidit</span> <span class='ocrx_word' id='word_1_222' title='bbox 693 2210 858 2253; x_wconf 89' lang='lat' dir='ltr'>verba:</span> <span class='ocrx_word' id='word_1_223' title='bbox 895 2210 1106 2265; x_wconf 59' lang='grc' dir='ltr'>ι(11111013)</span> <span class='ocrx_word' id='word_1_224' title='bbox 1141 2225 1188 2252; x_wconf 92' lang='lat' dir='ltr'>se</span> <span class='ocrx_word' id='word_1_225' title='bbox 1222 2224 1502 2252; x_wconf 89' lang='lat' dir='ltr'>consumens</span> <span class='ocrx_word' id='word_1_226' title='bbox 1536 2209 1659 2251; x_wconf 87' lang='lat' dir='ltr'>ultra</span> <span class='ocrx_word' id='word_1_227' title='bbox 1688 2222 1790 2250; x_wconf 89' lang='lat' dir='ltr'>con·</span> 
     </span>
     <span class='ocr_line' id='line_1_30' title="bbox 227 2279 1790 2337; baseline -0.001 -14"><span class='ocrx_word' id='word_1_228' title='bbox 227 2279 500 2324; x_wconf 85' lang='lat' dir='ltr'>structionis</span> <span class='ocrx_word' id='word_1_229' title='bbox 523 2280 703 2337; x_wconf 88' lang='lat' dir='ltr'>spatia&#39;.</span> <span class='ocrx_word' id='word_1_230' title='bbox 758 2281 839 2323; x_wconf 91' lang='lat' dir='ltr'>sed</span> <span class='ocrx_word' id='word_1_231' title='bbox 863 2281 955 2323; x_wconf 82' lang='lat' dir='ltr'>iam</span> <span class='ocrx_word' id='word_1_232' title='bbox 980 2280 1151 2323; x_wconf 82' lang='lat' dir='ltr'>dixerit</span> <span class='ocrx_word' id='word_1_233' title='bbox 1174 2280 1405 2337; x_wconf 89' lang='lat' dir='ltr'>quispiam</span> <span class='ocrx_word' id='word_1_234' title='bbox 1433 2279 1790 2333; x_wconf 83' lang='lat' dir='ltr'>Cassiodorium,</span> 
     </span>
     <span class='ocr_line' id='line_1_31' title="bbox 223 2349 1789 2408; baseline -0.001 -15"><span class='ocrx_word' id='word_1_235' title='bbox 223 2366 361 2407; x_wconf 81' lang='lat' dir='ltr'>quem</span> <span class='ocrx_word' id='word_1_236' title='bbox 405 2351 587 2408; x_wconf 89' lang='lat' dir='ltr'>Hygini</span> <span class='ocrx_word' id='word_1_237' title='bbox 636 2353 817 2395; x_wconf 72' lang='lat' dir='ltr'>fabulas</span> <span class='ocrx_word' id='word_1_238' title='bbox 864 2358 945 2394; x_wconf 88' lang='lat' dir='ltr'>aut</span> <span class='ocrx_word' id='word_1_239' title='bbox 992 2359 1115 2394; x_wconf 90' lang='lat' dir='ltr'>certe</span> <span class='ocrx_word' id='word_1_240' title='bbox 1161 2359 1302 2408; x_wconf 90' lang='lat' dir='ltr'>caput</span> <span class='ocrx_word' id='word_1_241' title='bbox 1346 2352 1402 2394; x_wconf 92' lang='lat' dir='ltr'>de</span> <span class='ocrx_word' id='word_1_242' title='bbox 1450 2349 1789 2405; x_wconf 51' lang='lat' dir='ltr'>inventoribus,</span> 
     </span>
     <span class='ocr_line' id='line_1_32' title="bbox 224 2421 1792 2479; baseline -0.001 -14"><span class='ocrx_word' id='word_1_243' title='bbox 224 2422 448 2479; x_wconf 85' lang='lat' dir='ltr'>ampliore</span> <span class='ocrx_word' id='word_1_244' title='bbox 482 2422 657 2477; x_wconf 87' lang='lat' dir='ltr'>habitu,</span> <span class='ocrx_word' id='word_1_245' title='bbox 693 2437 832 2479; x_wconf 85' lang='lat' dir='ltr'>quam</span> <span class='ocrx_word' id='word_1_246' title='bbox 867 2438 959 2479; x_wconf 90' lang='lat' dir='ltr'>quo</span> <span class='ocrx_word' id='word_1_247' title='bbox 992 2422 1125 2466; x_wconf 92' lang='lat' dir='ltr'>nobis</span> <span class='ocrx_word' id='word_1_248' title='bbox 1158 2430 1229 2465; x_wconf 91' lang='lat' dir='ltr'>est</span> <span class='ocrx_word' id='word_1_249' title='bbox 1262 2421 1499 2476; x_wconf 90' lang='lat' dir='ltr'>traditum,</span> <span class='ocrx_word' id='word_1_250' title='bbox 1536 2421 1638 2464; x_wconf 88' lang='lat' dir='ltr'>aliis</span> <span class='ocrx_word' id='word_1_251' title='bbox 1663 2421 1792 2465; x_wconf 86' lang='lat' dir='ltr'>Vari-</span> 
     </span>
    </p>
   </div>
   <div class='ocr_carea' id='block_1_3' title="bbox 222 2521 1790 2834">
    <p class='ocr_par' dir='ltr' id='par_1_3' title="bbox 222 2521 1790 2675">
     <span class='ocr_line' id='line_1_33' title="bbox 370 2521 1790 2569; baseline -0.003 -10"><span class='ocrx_word' id='word_1_252' title='bbox 370 2526 395 2567; x_wconf 79' lang='lat' dir='ltr'>l)</span> <span class='ocrx_word' id='word_1_253' title='bbox 423 2524 478 2559; x_wconf 89' lang='lat' dir='ltr'>De</span> <span class='ocrx_word' id='word_1_254' title='bbox 513 2525 653 2569; x_wconf 86' lang='lat' dir='ltr'>septem</span> <span class='ocrx_word' id='word_1_255' title='bbox 688 2524 784 2559; x_wconf 85' lang='lat' dir='ltr'>orbis</span> <span class='ocrx_word' id='word_1_256' title='bbox 811 2524 1026 2568; x_wconf 84' lang='lat' dir='ltr'>spectaculis</span> <span class='ocrx_word' id='word_1_257' title='bbox 1061 2525 1306 2568; x_wconf 86' lang='lat' dir='ltr'>quaestiones,</span> <span class='ocrx_word' id='word_1_258' title='bbox 1341 2523 1460 2569; x_wconf 81' lang='lat' dir='ltr'>Progr.</span> <span class='ocrx_word' id='word_1_259' title='bbox 1489 2522 1660 2557; x_wconf 82' lang='lat' dir='ltr'>Ansbach</span> <span class='ocrx_word' id='word_1_260' title='bbox 1691 2521 1790 2563; x_wconf 84' lang='lat'>1891,</span> 
     </span>
     <span class='ocr_line' id='line_1_34' title="bbox 222 2579 1557 2675; baseline -0.003 -9"><span class='ocrx_word' id='word_1_261' title='bbox 222 2589 254 2622; x_wconf 38' lang='lat' dir='ltr'>p.</span> <span class='ocrx_word' id='word_1_262' title='bbox 286 2579 327 2613; x_wconf 71' lang='grc'>19</span> <span class='ocrx_word' id='word_1_263' title='bbox 354 2588 467 2673; x_wconf 52' lang='lat' dir='ltr'>qucf.</span> <span class='ocrx_word' id='word_1_264' title='bbox 497 2630 540 2665; x_wconf 76' lang='lat' dir='ltr'>G.</span> <span class='ocrx_word' id='word_1_265' title='bbox 571 2631 718 2668; x_wconf 80' lang='lat' dir='ltr'>Knaack</span> <span class='ocrx_word' id='word_1_266' title='bbox 746 2632 781 2665; x_wconf 88' lang='lat' dir='ltr'>in</span> <span class='ocrx_word' id='word_1_267' title='bbox 810 2630 964 2665; x_wconf 85' lang='lat' dir='ltr'>Hermae</span> <span class='ocrx_word' id='word_1_268' title='bbox 991 2631 1062 2665; x_wconf 93' lang='lat' dir='ltr'>vol.</span> <span class='ocrx_word' id='word_1_269' title='bbox 1090 2630 1177 2665; x_wconf 90' lang='lat' dir='ltr'>XVI</span> <span class='ocrx_word' id='word_1_270' title='bbox 1208 2630 1291 2666; x_wconf 87' lang='lat'>1881</span> <span class='ocrx_word' id='word_1_271' title='bbox 1324 2641 1357 2675; x_wconf 90' lang='lat' dir='ltr'>p.</span> <span class='ocrx_word' id='word_1_272' title='bbox 1384 2630 1453 2665; x_wconf 89' lang='lat'>585</span> <span class='ocrx_word' id='word_1_273' title='bbox 1480 2639 1557 2673; x_wconf 88' lang='lat' dir='ltr'>sqq.</span> 
     </span>
    </p>

    <p class='ocr_par' dir='ltr' id='par_1_4' title="bbox 227 2682 1788 2781">
     <span class='ocr_line' id='line_1_35' title="bbox 371 2682 1788 2733; baseline -0.001 -15"><span class='ocrx_word' id='word_1_274' title='bbox 371 2685 398 2727; x_wconf 83' lang='lat'>³)</span> <span class='ocrx_word' id='word_1_275' title='bbox 425 2684 470 2718; x_wconf 92' lang='lat' dir='ltr'>de</span> <span class='ocrx_word' id='word_1_276' title='bbox 498 2684 633 2719; x_wconf 85' lang='lat' dir='ltr'>artibus</span> <span class='ocrx_word' id='word_1_277' title='bbox 653 2693 693 2718; x_wconf 81' lang='lat' dir='ltr'>ac</span> <span class='ocrx_word' id='word_1_278' title='bbox 720 2684 919 2728; x_wconf 86' lang='lat' dir='ltr'>disciplinis</span> <span class='ocrx_word' id='word_1_279' title='bbox 947 2684 1145 2719; x_wconf 84' lang='lat' dir='ltr'>liberalium</span> <span class='ocrx_word' id='word_1_280' title='bbox 1167 2685 1359 2719; x_wconf 83' lang='lat' dir='ltr'>litterarum</span> <span class='ocrx_word' id='word_1_281' title='bbox 1386 2694 1413 2718; x_wconf 92' lang='lat' dir='ltr'>c.</span> <span class='ocrx_word' id='word_1_282' title='bbox 1434 2683 1455 2718; x_wconf 91' lang='grc'>6</span> <span class='ocrx_word' id='word_1_283' title='bbox 1483 2682 1635 2728; x_wconf 78' lang='lat' dir='ltr'>(Migne,</span> <span class='ocrx_word' id='word_1_284' title='bbox 1662 2682 1788 2733; x_wconf 78' lang='lat' dir='ltr'>Patrol.</span> 
     </span>
     <span class='ocr_line' id='line_1_36' title="bbox 227 2737 662 2781; baseline 0 -10"><span class='ocrx_word' id='word_1_285' title='bbox 227 2738 288 2771; x_wconf 85' lang='lat' dir='ltr'>lat.</span> <span class='ocrx_word' id='word_1_286' title='bbox 318 2737 404 2771; x_wconf 89' lang='lat' dir='ltr'>LXX</span> <span class='ocrx_word' id='word_1_287' title='bbox 431 2737 452 2771; x_wconf 90' lang='lat'>2</span> <span class='ocrx_word' id='word_1_288' title='bbox 479 2747 511 2781; x_wconf 93' lang='lat' dir='ltr'>p.</span> <span class='ocrx_word' id='word_1_289' title='bbox 544 2737 662 2780; x_wconf 86' lang='lat'>1213).</span> 
     </span>
    </p>

    <p class='ocr_par' dir='ltr' id='par_1_5' title="bbox 374 2789 936 2834">
     <span class='ocr_line' id='line_1_37' title="bbox 374 2789 936 2834; baseline 0 -10"><span class='ocrx_word' id='word_1_290' title='bbox 374 2791 399 2833; x_wconf 73' lang='grc'>4)</span> <span class='ocrx_word' id='word_1_291' title='bbox 428 2790 471 2824; x_wconf 84' lang='lat' dir='ltr'>cf.</span> <span class='ocrx_word' id='word_1_292' title='bbox 500 2789 542 2825; x_wconf 85' lang='lat' dir='ltr'>H.</span> <span class='ocrx_word' id='word_1_293' title='bbox 563 2789 690 2825; x_wconf 85' lang='lat' dir='ltr'>Schott</span> <span class='ocrx_word' id='word_1_294' title='bbox 717 2791 736 2824; x_wconf 93' lang='lat' dir='ltr'>l.</span> <span class='ocrx_word' id='word_1_295' title='bbox 765 2800 792 2824; x_wconf 91' lang='lat' dir='ltr'>c.</span> <span class='ocrx_word' id='word_1_296' title='bbox 822 2800 854 2834; x_wconf 90' lang='lat' dir='ltr'>p.</span> <span class='ocrx_word' id='word_1_297' title='bbox 886 2791 936 2825; x_wconf 85' lang='lat'>19.</span> 
     </span>
    </p>
   </div>
  </div>
 </body>
</html>
