2001 3099
834 150 1124 188 -49-

210 292 338 334 cibus
380 296 426 333 et
466 286 626 344 primis
674 287 783 330 solis
828 285 1141 330 describendis
1179 286 1371 340 versari,
1415 300 1519 328 curn
1560 290 1755 342 uterque

210 361 407 417 reliquas
455 373 615 401 omnes
663 357 862 402 omittat.
897 358 1083 414 ·itaque
1129 356 1325 401 dubium
1371 371 1464 400 non
1510 364 1596 411 est,
1644 356 1752 413 quin

211 429 488 475 Censorinus
521 428 567 470 in
601 429 689 471 hoc
722 443 905 484 quoque
944 428 1094 484 capite
1125 427 1385 471 doctrinam
1417 427 1755 472 Varronianam

209 502 436 559 praebeat,
470 506 517 542 et
538 513 698 542 rursus
732 499 944 556 quaestio
968 499 1114 542 altera
1146 498 1364 553 nascitur,
1396 512 1510 540 num
1532 498 1621 542 hoc
1643 514 1676 542 c.
1705 502 1756 541 10

209 572 254 614 in
278 571 525 614 Tuberone
558 570 792 627 quondam
827 568 1068 613 exstiterit.
1133 572 1191 613 H.
1216 567 1461 624 DielesiuS,
1494 570 1548 615 E.
1573 571 1757 625 Holzer,

212 645 259 685 A.
287 642 425 684 Hahn
459 642 547 684 hoc
579 648 890 697 sumpserunt,
925 642 1097 683 Holzer
1130 640 1316 697 quidem
1349 654 1443 683 non
1468 640 1569 683 sine
1601 640 1757 696 aliqua

208 711 563 766 dubitatione¹):
628 714 748 754 ‘Man
794 712 919 754 kann
967 711 1219 754 hochstens
1266 711 1379 754 iiber
1416 711 1504 753 den
1546 711 1758 766 Umfang

210 784 290 826 (les
340 783 619 837 Fragments
664 781 852 825 streiten
901 785 1096 838 (Popma
1132 797 1173 838 p.
1197 785 1281 824 289
1326 782 1424 824 lasst
1467 796 1515 825 es
1558 795 1648 824 nur
1688 781 1758 824 bis

207 855 493 910 symphoniae
514 858 738 896 vocantur
759 853 942 911 gehen),
975 853 1329 910 hauptsiiclilich
1353 853 1563 907 dariiber,
1595 853 1653 895 ob
1676 852 1758 895 das

210 925 529 970 Einschiebsel
565 939 663 981 cap.
694 928 743 967 10
783 925 883 981 (das
916 925 983 967 als
1018 923 1338 969 Einschiebsel
1372 922 1648 980 praediciert
1678 923 1760 968 ist:

208 996 268 1038 in.
297 999 341 1038 11
380 997 471 1037 His
494 996 705 1051 exposift's
737 1021 791 1026 —
824 996 953 1037 redeo
985 996 1049 1037 ad
1066 995 1363 1051 propositum)
1395 994 1514 1038 auch
1548 1008 1631 1038 aus
1654 995 1758 1037 dem

207 1066 394 1109 Tubero
432 1067 491 1109 ist
531 1067 640 1109 oder
683 1066 1009 1109 anderswoher
1053 1067 1109 1122 (z,
1145 1068 1192 1108 B.
1232 1079 1316 1109 aus
1355 1066 1443 1108 den
1488 1066 1761 1122 dz‘scz'plz'nap

208 1138 288 1181 des
327 1137 539 1194 gleichen
576 1138 803 1190 Autors?).
867 1137 947 1180 Ich
992 1137 1164 1193 glaube
1201 1137 1308 1180 dass
1343 1138 1488 1181 Varro
1521 1138 1664 1180 selbst
1696 1136 1758 1180 im

207 1208 394 1251 Tubero
406 1207 531 1250 diese
543 1209 810 1264 Belehrung
824 1208 1056 1260 einsehob,
1068 1207 1302 1251 natiirlich
1314 1208 1760 1251 iibereinstimmend

208 1280 303 1322 und
335 1279 483 1333 gewiss
514 1280 581 1321 oft
615 1293 776 1335 genug
800 1279 1009 1322 wortlich
1044 1278 1493 1322 iibereinstimmend
1525 1278 1613 1322 mit
1642 1279 1761 1334 dem,

208 1365 304 1393 was
344 1365 391 1393 er
429 1350 475 1392 in
522 1348 682 1393 seinen
724 1350 1069 1406 dismplinarmn
1103 1350 1216 1392 libri
1250 1356 1421 1406 gesagt
1452 1350 1560 1394 hat.’
1624 1350 1703 1406 qui
1735 1366 1762 1393 a

212 1436 319 1464 vero
352 1436 444 1463 non
488 1422 646 1476 procul
690 1421 863 1463 afuisse
906 1419 1021 1463 mihi
1060 1419 1256 1464 videtur.
1319 1419 1430 1477 quid
1477 1428 1548 1464 est
1585 1420 1762 1477 regulis

208 1490 413 1534 musicae
452 1506 556 1533 cum
599 1490 779 1547 origine
824 1492 1047 1545 humana,
1094 1492 1151 1534 de
1189 1506 1279 1548 qua
1324 1490 1370 1534 in
1405 1491 1654 1534 Tuberone
1693 1498 1763 1535 est

209 1563 547 1618 disceptatum?
609 1561 869 1604 accuratius
893 1577 928 1606 c.
958 1566 1009 1604 10
1032 1562 1289 1605 videamus.
1350 1577 1488 1618 quarn
1522 1562 1762 1619 pueriliter

211 1633 491 1675 Censorinus
524 1633 795 1687 doctrinam,
829 1648 967 1689 quam
1001 1649 1026 1676 a
1056 1635 1264 1677 Varrone
1297 1642 1366 1676 est
1398 1640 1653 1688 mutuatus,
1686 1649 1763 1676 an-

210 1710 394 1746 nectere
432 1711 641 1758 conetur,
686 1718 742 1746 ex
788 1704 859 1746 his
898 1703 1051 1747 verbis
1084 1710 1295 1760 apparet:
1376 1704 1468 1747 ‘sed
1513 1705 1629 1748 haec
1672 1719 1763 1760 quo

211 1773 302 1817 sint
334 1774 574 1817 intellectu
609 1773 852 1831 apertiora,
891 1774 1020 1831 prius
1054 1774 1209 1831 aliqua
1248 1775 1304 1817 de
1343 1776 1548 1818 musicae
1587 1774 1763 1832 regulis

210 1844 319 1887 huic
350 1846 451 1887 loco
484 1845 742 1888 necessaria
775 1845 999 1900 dicentur,
1038 1861 1091 1888 eo
1130 1846 1317 1902 quidem
1356 1845 1517 1901 magis,
1556 1847 1677 1903 quod
1711 1862 1765 1890 ea

212 1916 360 1958 dicam
401 1931 519 1972 quae
558 1916 668 1972 ipsis
708 1915 897 1959 musicis
943 1917 1106 1972 ignota
1157 1917 1291 1960 sunt.’
1355 1918 1561 1974 profecto
1593 1923 1646 1961 ut
1678 1932 1714 1962 c,
1739 1920 1764 1959 9

211 1987 556 2042 intellegamus,
596 2002 687 2029 non
729 1987 862 2029 nobis
895 2002 1012 2043 opus
1046 1994 1116 2030 est
1146 1988 1303 2043 legere
1337 1995 1476 2044 caput
1513 1991 1576 2032 10.
1639 2003 1766 2045 prae-

214 2063 338 2100 terea
382 2072 463 2113 pro
512 2064 635 2100 certo
683 2057 908 2100 habemus
951 2057 1211 2101 sententiae
1250 2065 1428 2114 partem
1464 2059 1764 2115 posteriorem

213 2131 296 2183 (‘eo
329 2129 512 2184 quidem
553 2154 605 2159 -
646 2128 812 2184 ignota
845 2130 985 2184 sunt’)
1034 2144 1126 2171 non
1161 2131 1382 2173 Varronis
1422 2130 1630 2186 tempori,
1674 2144 1766 2186 quo

212 2198 393 2242 litterae
441 2205 487 2241 et
534 2206 655 2242 artes
703 2202 880 2242 Romae
926 2201 1173 2253 florebant,
1222 2201 1301 2243 sed
1350 2201 1533 2243 cadenti
1581 2202 1766 2244 saeculo

216 2270 454 2312 Censorini
489 2271 749 2323 convenire,
783 2271 907 2313 unde
930 2271 1150 2327 sequitur,
1184 2278 1237 2313 ut
1269 2272 1383 2314 haec
1413 2273 1564 2326 verba,
1598 2272 1766 2328 quibus

216 2341 367 2396 capita
392 2344 415 2382 9
449 2348 494 2383 et
523 2344 572 2382 10
607 2348 716 2383 sunt
749 2342 1087 2396 conglutinata,
1121 2358 1147 2384 a
1181 2342 1447 2397 Censorino,
1481 2357 1574 2386 non
1608 2358 1635 2385 a
1656 2344 1767 2387 Var-

216 2424 328 2454 rone
360 2410 454 2454 sint
486 2412 607 2454 facta
640 2419 687 2455 et
714 2411 996 2454 Censorinus
1019 2412 1316 2455 Tuberonem
1351 2427 1443 2456 non
1478 2413 1766 2470 capitulatim

218 2482 522 2539 exscripserit.
585 2481 809 2525 maiorem
842 2497 951 2525 vero
983 2483 1250 2539 argumenti
1283 2484 1377 2527 vim
1408 2498 1591 2526 rursum
1613 2484 1767 2527 verbis

219 2550 494 2606 quibusdam
537 2552 797 2596 Cassiodori
842 2554 868 2596 1.
903 2567 938 2595 c.
973 2568 1008 2597 c.
1043 2555 1086 2598 V
1130 2553 1391 2608 tribuimus,
1439 2555 1607 2610 quibus
1653 2555 1768 2597 haec

221 2622 451 2667 sententia
491 2624 776 2680 comprobari
818 2624 949 2667 nobis
989 2622 1172 2668 videtur
1210 2628 1267 2682 (p.
1297 2628 1406 2667 1208
1441 2625 1641 2682 Migne):
1690 2627 1767 2668 ‘in-

417 2789 439 2824 l.
457 2799 486 2824 c.
505 2800 538 2835 p.
564 2790 586 2824 8
613 2790 692 2825 adn.
712 2790 742 2825 8.
