2001 3099
834 651 1173 718 CaputIH.

370 771 469 812 Iam
504 769 562 812 ad
597 770 783 826 eclogas
828 776 1078 826 sequentes
1108 785 1192 813 nos
1222 771 1549 825 convertimus,
1582 785 1700 827 quae
1729 771 1786 814 de

228 856 352 884 anno
397 839 590 898 eiusque
633 840 846 897 partibus
894 848 1005 884 sunt
1058 848 1103 884 et
1156 841 1241 884 hos
1291 841 1451 884 titulos
1496 842 1784 898 praebent¹):

230 914 371 956 VIIII
390 912 447 954 de
470 910 739 955 nominibus
772 919 950 968 septem
975 912 1166 967 dierum,
1199 915 1244 955 X
1266 913 1559 956 monosticha
1584 913 1641 955 de
1662 927 1788 955 men-

229 983 371 1038 sibus,
404 985 473 1026 XI
497 981 609 1026 item
639 982 851 1039 disticha,
882 986 977 1026 XII
1001 984 1058 1026 de
1082 984 1230 1027 tribus
1250 984 1503 1027 menstruis
1528 998 1786 1038 mensuum,

229 1057 349 1098 XIII
388 1053 579 1112 quoteni
618 1053 717 1097 dies
750 1053 845 1098 sint
877 1069 1127 1098 mensuum
1169 1053 1479 1111 singulorum,
1518 1056 1663 1098 XIIII
1696 1069 1788 1112 quo

228 1141 389 1169 mense
428 1132 598 1182 quotae
637 1140 788 1169 nonae
829 1126 903 1170 vel
942 1124 1047 1169 idus
1086 1124 1194 1180 sint,
1232 1128 1323 1171 XV
1355 1133 1527 1182 quotae
1559 1126 1789 1169 kalendae

230 1196 335 1252 sint,
358 1199 471 1241 XVI
504 1196 623 1240 ratio
658 1196 838 1240 dierum
871 1197 981 1240 anni
1005 1196 1245 1252 vertentis,
1278 1199 1417 1242 XVII
1440 1197 1488 1240 in
1513 1212 1605 1254 quo
1626 1212 1788 1241 mense

230 1269 354 1326 quod
402 1268 595 1325 signum
642 1267 704 1312 sit
741 1269 798 1312 ad
839 1283 1026 1311 cursum
1068 1269 1191 1319 solis,
1233 1271 1396 1313 XVIII
1437 1284 1464 1311 a
1501 1267 1702 1312 solstitio
1740 1268 1787 1311 in

230 1338 579 1397 aequinoctium
612 1339 741 1395 ratio,
774 1341 963 1384 XVIIII
998 1340 1055 1382 de
1087 1340 1326 1383 mensibus
1360 1346 1406 1382 et
1435 1346 1654 1396 quattuor
1678 1337 1789 1382 anni

233 1411 530 1468 temporibus.
614 1411 698 1454 has
737 1425 898 1454 omnes
938 1411 1132 1465 eclogas,
1173 1426 1292 1467 quae
1332 1427 1389 1454 ex
1423 1418 1548 1455 certa
1587 1411 1790 1468 quadam

232 1482 537 1540 dispositione
584 1482 641 1525 de
690 1481 868 1536 diebus
919 1482 976 1525 de
1024 1483 1275 1537 mensibus,
1323 1483 1379 1526 de
1419 1497 1542 1525 anno
1580 1488 1792 1526 vertente

232 1561 356 1609 sunt,
388 1568 573 1597 summa
605 1552 873 1610 argumenti
907 1554 1138 1597 affinitate
1172 1553 1292 1597 inter
1324 1569 1373 1597 se
1396 1569 1496 1597 esse
1519 1553 1791 1597 coniunctas

232 1641 370 1669 nemo
408 1624 699 1669 infitiabitur.
762 1624 855 1668 iam
903 1625 1008 1668 ideo
1057 1624 1153 1668 veri
1201 1632 1272 1668 est
1318 1624 1469 1668 simile
1514 1624 1777 1669 Ausonium

233 1703 558 1755 praeterquam
591 1697 716 1754 quod
749 1711 855 1740 eum
897 1697 972 1739 hic
1012 1696 1144 1739 fastis
1179 1697 1399 1754 temporis
1439 1695 1510 1739 sui
1552 1711 1652 1740 esse
1684 1697 1792 1740 duc-

234 1777 335 1813 tum
380 1774 747 1812 consentaneum
793 1774 873 1822 est,
912 1768 958 1811 in
1000 1767 1065 1811 eis
1107 1768 1440 1824 componendis
1488 1782 1633 1811 unum
1683 1782 1791 1811 eun-

233 1842 433 1898 demque
471 1839 642 1883 librum
682 1839 1027 1895 compilavisse;
1070 1854 1220 1896 neque
1254 1840 1379 1882 enirn
1413 1838 1660 1896 quisquam
1694 1839 1791 1894 erit,

234 1912 312 1970 qui
345 1918 481 1969 putet
501 1917 688 1968 poetam
711 1910 796 1954 hos
819 1925 981 1954 versus
1011 1909 1222 1953 doctrina
1244 1918 1400 1954 vetere
1424 1911 1615 1954 refertos
1637 1911 1792 1967 ipsum

235 1982 539 2040 excogitasse.
572 1981 666 2025 iam
683 1984 931 2038 Augustus
955 1980 1289 2025 Reifferscheid
1302 1982 1336 2037 ²)
1359 1981 1585 2038 cognovit
1606 1982 1793 2038 eclogas

237 2057 378 2100 VIIII
402 2061 450 2098 et
470 2056 516 2097 X
538 2069 562 2097 e
584 2054 875 2098 Suetoniano
897 2053 1015 2096 libro
1038 2053 1095 2096 de
1118 2068 1242 2096 anno
1268 2056 1589 2096 Romanorum
1620 2052 1792 2110 scripto

237 2125 441 2180 fluxisse,
474 2139 594 2180 cum,
627 2139 746 2182 quae
779 2124 985 2168 Isidorus
1018 2123 1315 2181 Hispalensis
1348 2124 1405 2168 de
1437 2130 1606 2168 natura
1638 2139 1793 2168 rerum

236 2197 380 2241 libelli
420 2212 455 2241 c.
488 2199 560 2239 ΠΙ
591 2199 616 2238 2
654 2196 790 2239 nobis
831 2194 1031 2251 tradidit,
1071 2210 1176 2239 cum
1215 2196 1390 2252 eclogis
1429 2196 1669 2250 conferret,
1707 2211 1794 2239 nec

239 2277 395 2313 tamen
434 2267 481 2311 in
521 2268 606 2311 has
646 2269 832 2324 eclogas
872 2282 1034 2310 omnes
1067 2266 1329 2324 inquisivit3
1369 2267 1482 2310 satis
1521 2266 1687 2310 habuit
1719 2266 1794 2310 hic

238 2355 418 2398 quoque
443 2339 566 2383 viam
590 2345 763 2382 rectam
788 2338 1032 2381 indicasse.
1065 2352 1151 2381 nos
1174 2338 1307 2382 iuvat
1329 2339 1450 2381 lianc
1472 2337 1793 2395 quaestionem

238 2413 295 2456 ab
328 2412 514 2468 integro
547 2410 783 2468 suscipere
815 2416 872 2465 et,
905 2410 943 2453 si
967 2408 1067 2452 fieri
1090 2416 1257 2466 potest,
1281 2409 1339 2452 ad
1363 2408 1505 2452 finem
1527 2409 1792 2466 perducere.

239 2482 441 2541 primurn
486 2481 632 2538 igitur
672 2482 967 2524 conferamus
1005 2481 1216 2536 eclogam
1250 2482 1392 2525 VIIII
1431 2480 1488 2523 de
1526 2479 1793 2523 nominibus

239 2561 418 2611 septem
451 2552 631 2596 dierum
664 2566 770 2596 cum
803 2551 880 2607 eis,
913 2566 1031 2609 quae
1065 2552 1272 2595 Isidorus
1303 2549 1599 2608 Hispalensis
1628 2552 1685 2594 de
1718 2566 1794 2594 na-

387 2674 411 2717 u
438 2683 460 2718 p
488 2671 653 2708 97-103
680 2672 717 2707 p,

384 2733 415 2779 2)
441 2732 481 2768 C.
509 2731 657 2768 Suetoni
690 2731 882 2776 Tranquilli
916 2733 1053 2776 praeter
1085 2730 1279 2766 Caesarum
1306 2729 1416 2764 libros
1441 2729 1623 2773 reliquiae,
1657 2728 1795 2773 Lipsiae

246 2792 346 2835 1860,
372 2802 405 2837 p.
424 2792 503 2827 297.
523 2791 601 2827 299.
621 2790 700 2827 475.
