2001 3099
865 107 1157 145 ...42-

234 254 287 293 83
336 264 401 305 sq.
451 248 579 291 illam
629 248 886 290 doctrinam
939 245 1334 301 Pythagoreorem
1388 244 1591 300 explicat
1604 247 1647 297 ¹).
1718 244 1792 286 hic

236 321 439 364 Plinium
487 321 759 373 Varronem,
812 333 950 375 quem
1003 316 1050 360 in
1098 323 1343 360 auctorum
1389 314 1543 358 indice
1588 314 1792 371 primum

233 391 457 445 nominat,
505 406 605 434 esse
644 396 858 433 secutum
897 388 991 432 iarn
1040 388 1090 432 F.
1127 388 1365 443 Miinzer2)
1404 386 1640 443 cognovit,
1687 401 1793 429 cum

235 463 543 508 Censorinum
583 462 823 505 conferret.
888 475 1002 504 sane
1046 465 1203 502 exstat
1251 456 1516 501 differentia
1563 458 1793 514 quaedam

234 535 356 578 inter
390 532 593 577 Plinium
628 540 674 576 et
707 532 1028 587 Censorinum,
1061 545 1201 588 quam
1226 531 1418 573 Miinzer
1451 529 1636 572 silentio
1668 543 1796 585 prae-

236 606 372 651 teriit.
427 621 535 649 narn
571 620 676 648 cum
709 605 786 647 hic
819 604 944 647 dicat
976 619 1002 647 a
1035 603 1239 647 Saturno
1272 602 1330 645 ad
1354 600 1631 658 signiferum
1653 598 1796 643 hemi-

236 679 397 722 tonion
439 692 551 731 esse,
600 677 678 719 ille
719 676 989 733 sescuplum
1035 673 1133 717 toni
1174 674 1322 717 affert.
1387 672 1453 716 ita
1491 672 1559 727 fit,
1597 678 1651 715 ut
1683 672 1796 715 Cen-

235 749 418 793 sorinus
448 765 474 792 a
504 749 631 792 caelo
655 762 839 791 summo
862 747 920 790 ad
945 753 1115 790 terram
1139 752 1274 789 tonos
1298 760 1392 799 sex,
1417 743 1594 787 Plinius
1616 749 1795 800 septem

236 829 372 865 tonos
412 835 513 863 esse
555 820 697 873 dican
746 826 903 862 tamen
943 824 1140 874 uterque
1187 817 1328 859 refert
1375 831 1401 858 a
1449 815 1690 870 signiferro
1739 815 1796 858 ad

237 901 408 937 terram
440 892 670 935 diastema
703 905 804 933 esse
836 889 1073 948 diapason.
1126 889 1249 932 hanc
1281 885 1643 943 discrepantiam
1665 885 1798 929 facile

237 963 443 1022 expediri
485 964 568 1009 Ed.
604 963 794 1019 Zeller3)
834 968 1017 1005 monet:
1064 975 1173 1003 narn
1216 967 1386 1003 terram
1421 974 1522 1002 esse
1554 959 1797 1001 immotam

237 1036 394 1093 itaque
433 1050 522 1078 non
561 1049 817 1077 consonare
860 1047 966 1076 cum
1007 1031 1172 1076 ceteris
1205 1031 1406 1088 planetis
1440 1030 1691 1073 credebant
1723 1044 1801 1072 an-

239 1106 368 1164 tiqui.
402 1121 509 1150 cum
543 1104 843 1162 neglegentia
875 1103 1023 1161 igitur
1057 1103 1243 1160 scripsit
1277 1101 1475 1145 Plinius:
1509 1101 1586 1144 ‘ita
1618 1107 1798 1158 septem

239 1186 373 1222 tonos
397 1176 531 1232 effici,
565 1191 705 1234 quam
727 1177 953 1233 diapason
977 1173 1271 1218 harmoniam
1295 1175 1488 1227 vocant'‚
1518 1187 1625 1216 cum
1647 1173 1695 1215 in
1718 1187 1801 1215 sex

239 1249 362 1294 tonis
396 1250 620 1306 diapason
654 1248 984 1305 symphoniam
1017 1261 1117 1290 esse
1139 1246 1261 1289 inter
1289 1260 1451 1288 omnes
1475 1250 1665 1287 constet.
1720 1244 1800 1287 sed

240 1320 548 1366 Censorinum
595 1335 780 1377 quoque
821 1334 914 1362 non
960 1317 1236 1374 diligentem
1274 1331 1324 1359 se
1369 1315 1639 1373 praebuisse
1677 1315 1802 1358 idem

241 1394 388 1436 Zeller
429 1393 455 1436 1.
480 1408 512 1436 c.
553 1391 742 1436 indicat.
807 1405 918 1434 nam
959 1390 1255 1443 Censorinus,
1303 1403 1408 1432 cum
1448 1403 1484 1432 c,
1520 1391 1569 1430 13
1609 1386 1802 1430 ineunte

240 1466 365 1508 dicat
397 1472 579 1522 septem
612 1464 771 1507 stellas
805 1462 925 1506 inter
958 1462 1139 1505 caelum
1173 1467 1219 1504 et
1252 1467 1422 1504 terram
1455 1473 1603 1516 vagas
1637 1457 1802 1501 dulcis-

238 1537 405 1580 simam
437 1534 688 1579 melodiam
723 1534 967 1578 concinere
1000 1532 1160 1590 itaque
1183 1540 1353 1576 terram
1383 1530 1596 1587 excipiat,
1628 1537 1802 1588 postea,

239 1623 347 1651 cum
380 1607 735 1651 intervallorum
769 1620 1002 1650 summam
1036 1610 1291 1662 computat,
1326 1610 1490 1646 tonum
1516 1608 1664 1645 terrae
1687 1602 1804 1644 falso

239 1680 287 1723 in
321 1679 503 1723 ratione
535 1677 685 1736 ponit;
720 1693 812 1735 qua
844 1677 891 1721 in
925 1693 974 1721 re
1007 1677 1224 1734 quamvis
1257 1681 1432 1718 rectam
1465 1688 1699 1717 summam
1722 1688 1803 1717 sex

387 1824 411 1867 ι)
438 1822 684 1858 adnotandum
711 1823 765 1857 est
793 1823 889 1857 hunc
907 1822 1027 1857 locum
1054 1820 1157 1855 Plinii
1189 1819 1303 1855 multo
1330 1821 1412 1864 post
1438 1828 1457 1854 a
1481 1819 1652 1863 scriptore
1671 1818 1804 1852 incerto

241 1894 323 1919 csse
338 1883 588 1928 compilatum:
616 1883 705 1917 inter
732 1882 853 1923 libros,
877 1882 937 1925 qui
965 1890 1038 1915 non
1072 1882 1119 1915 ita
1138 1882 1233 1915 certo
1252 1878 1386 1914 Isidoro
1404 1878 1611 1922 Hispalensi
1635 1877 1806 1921 episcopo

242 1944 491 1987 attribuuntur,
517 1942 734 1988 opusculum
754 1951 901 1986 quoque
921 1940 978 1975 ‘de
997 1940 1183 1976 harmonia
1211 1940 1246 1974 et
1266 1938 1410 1974 caelesti
1430 1938 1577 1972 musica'
1598 1937 1805 1972 invenimus

243 2003 342 2047 quod
375 2002 492 2038 adhuc
531 2001 739 2047 neglectum
772 2000 947 2036 Arevalus
982 2000 1169 2044 descripsit
1202 2000 1237 2033 in
1269 1998 1503 2034 adnotatione
1535 1996 1579 2031 ad
1612 1996 1657 2031 de
1683 1996 1807 2031 natura

243 2073 358 2098 rerum
387 2073 414 2097 c.
434 2061 507 2097 XIII
535 2065 570 2097 et
601 2062 780 2096 recensuit
806 2062 841 2095 in
868 2060 1072 2095 Isidorianis
1099 2069 1126 2094 c.
1147 2058 1203 2100 86,
1229 2058 1262 2093 3.
1297 2058 1462 2102 quisquis
1480 2057 1549 2091 hoc
1568 2056 1706 2102 legerit,
1725 2064 1808 2091 eum

244 2132 316 2158 non
352 2122 503 2168 effugiet
539 2122 604 2157 has
640 2122 838 2156 sententias
875 2129 955 2154 esse
992 2119 1212 2163 compositas
1246 2127 1264 2152 e
1290 2117 1393 2151 Plinii
1420 2115 1604 2151 Naturalis
1630 2115 1809 2150 Historiae

244 2183 334 2218 libro
361 2181 400 2224 II,
429 2191 537 2226 quem
565 2190 733 2227 magnam
761 2180 898 2225 partem
925 2189 944 2214 e
971 2178 1131 2213 Varrone
1158 2187 1238 2212 esse
1264 2179 1448 2221 sumptum
1475 2176 1610 2210 certum
1637 2177 1701 2216 est,
1729 2174 1764 2209 et
1790 2184 1810 2208 c

245 2241 392 2277 scholiis
416 2241 460 2276 ad
479 2241 627 2276 Aratum
647 2240 796 2274 latinum
812 2239 952 2283 scriptis
979 2238 1090 2282 (apud
1110 2237 1146 2271 Ε.
1167 2236 1273 2271 Maass
1292 2236 1312 2270 l.
1334 2245 1361 2270 c.
1382 2245 1414 2280 p.
1435 2235 1502 2269 272
1522 2235 1626 2278 sqq.).
1655 2243 1698 2268 eo
1717 2233 1808 2274 loco,

245 2311 318 2346 quo
337 2300 522 2336 intervalla
541 2300 789 2345 planetarunm
810 2298 1074 2338 enumerantur,
1102 2296 1202 2331 Plinii
1228 2296 1272 2330 N.
1292 2295 1335 2330 Η.
1356 2294 1382 2329 ll
1401 2294 1446 2329 84
1473 2303 1554 2328 esse
1577 2292 1809 2337 compilatum

246 2360 475 2396 manifestum
503 2363 568 2394 est.
607 2359 722 2394 totum
742 2358 957 2403 opusculum
976 2360 1103 2402 postea
1125 2356 1308 2390 Honorius
1326 2353 1682 2399 Augustodunensis,
1702 2362 1810 2397 quem

247 2421 336 2455 circa
372 2429 506 2455 annum
543 2429 575 2463 p.
603 2417 684 2453 Chr.
711 2428 743 2452 n.
772 2416 862 2452 1100
888 2418 1021 2451 vixisse
1054 2416 1205 2460 constat,
1238 2416 1273 2449 in
1300 2423 1392 2458 opus
1426 2413 1470 2448 de
1504 2413 1660 2458 imagine
1686 2412 1811 2458 mundi

247 2480 389 2524 recepit,
425 2478 461 2513 id
500 2478 598 2523 quod
637 2479 706 2512 iam
740 2476 916 2512 Arevalus
954 2475 1053 2511 vidit.
1111 2474 1213 2510 vides
1247 2476 1422 2518 quantum
1462 2472 1612 2507 valuerit
1652 2471 1811 2507 doctrina

249 2539 418 2574 Varronis
455 2537 676 2579 immortalis»,
714 2545 818 2581 quae,
858 2536 896 2570 ut
923 2535 1041 2570 verbis
1077 2534 1195 2570 Caroli
1231 2533 1328 2568 Fries
1367 2533 1454 2574 utar,
1493 2531 1745 2576 perabundans
1777 2534 1812 2567 in

248 2599 472 2644 posterorum
499 2599 595 2632 rivos
622 2599 809 2631 sescentos
836 2595 994 2629 fluminis
1020 2595 1129 2629 instar
1148 2593 1315 2638 turgiduli
1336 2595 1507 2636 prataque
1525 2593 1618 2627 sicca
1637 2591 1811 2637 irrigantis

249 2668 288 2693 sc
315 2657 466 2693 diffudit.

393 2718 420 2760 2)
446 2717 612 2761 Beitr‘a'ge
638 2726 698 2750 zur
726 2713 991 2757 Qucllcnkritik
1018 2714 1082 2748 des
1109 2713 1257 2758 PIInius,
1285 2712 1403 2746 Berlin
1433 2710 1521 2746 1897
1548 2721 1580 2755 p.
1611 2709 1677 2745 162
1703 2719 1753 2753 sq.

393 2777 423 2821 ³)
450 2775 540 2811 Phil.
567 2775 600 2810 d.
621 2774 800 2811 Griechen
828 2773 864 2807 1⁵
890 2783 922 2818 p.
943 2772 1025 2808 431.
