2001 3099
812 130 1101 170 -73-

184 272 308 315 tibus
330 270 357 315 i.
377 286 413 315 e.
433 270 637 313 maxime
659 286 683 313 e
707 267 1061 326 glossographis
1084 274 1131 310 et
1154 266 1498 310 commentariis
1531 265 1735 308 doctrina

183 349 339 386 vetere
382 341 562 384 refertis
608 348 754 384 totam
799 342 892 383 fere
937 339 1196 382 doctrinam
1241 352 1374 380 suam
1421 335 1652 393 accepisse
1690 342 1736 378 et

184 419 421 469 tamquam
453 412 501 454 in
546 426 683 468 opere
722 411 906 454 musivo
953 409 1306 452 concinnavisse
1352 423 1408 450 ex
1446 408 1519 450 his
1564 405 1735 449 tabulis

182 484 342 527 elucet.
406 498 515 526 nam
547 490 600 526 ut
631 483 688 526 de
726 488 821 526 nat.
854 496 938 524 rer.
972 496 1005 524 c.
1040 482 1107 524 IV
1141 483 1165 521 2
1200 494 1296 535 sqq.
1332 479 1576 536 episcopus
1609 492 1736 534 prae-

183 555 316 610 cipue
349 554 670 610 Augustinum
710 551 936 607 adhibuit,
976 551 1041 594 ita
1079 549 1246 607 origin.
1280 551 1321 594 V
1352 552 1418 604 33,
1452 552 1589 591 3--11
1630 563 1736 591 cum

184 625 346 669 Servio
370 632 469 668 tum
495 625 680 668 Placido
705 622 1087 681 glossographol)
1119 636 1226 664 eum
1250 634 1350 663 esse
1372 634 1510 662 usum
1533 626 1736 675 apparet,

183 711 286 739 cum
311 697 368 739 ad
393 697 533 740 verba
567 711 673 739 cum
697 694 762 739 eis
786 693 1013 738 concinat.
1068 693 1107 736 si
1129 691 1345 738 Suetonii
1367 691 1538 734 librum
1561 705 1735 733 annum

184 771 503 811 Romanorum
539 773 832 810 enarrantem
855 766 1010 822 ipsum
1044 770 1152 807 ante
1175 765 1334 806 oculos
1356 761 1610 815 habuisset,
1644 776 1734 803 non

182 846 278 882 tam
322 839 504 882 diverse
548 839 728 881 duobus
767 837 879 881 locis
916 836 1150 880 mensium
1197 833 1532 891 explicationes
1571 831 1737 876 exscri-

180 909 349 966 psisset
367 924 517 966 neque
536 910 673 952 modo
692 911 816 952 hunc
836 909 974 951 modo
991 908 1125 950 illum
1142 905 1415 962 scriptorem
1432 903 1735 948 adhibuisset.

180 981 338 1037 itaque
361 980 597 1024 sententia
620 994 792 1034 eorum,
824 979 902 1036 qui
928 977 1157 1021 Isidorum
1182 978 1258 1020 hic
1281 976 1560 1020 Suetonium
1583 975 1736 1032 ipsum

182 1051 457 1108 compilasse
490 1050 701 1095 arbitrati
734 1057 856 1105 sunt,
889 1050 1050 1106 procul
1073 1048 1315 1092 abicienda
1339 1055 1424 1091 est.
1487 1053 1627 1103 atque
1649 1046 1738 1089 hoc

181 1137 328 1166 unum
352 1129 536 1166 tantum
559 1122 801 1165 deliberari
825 1128 992 1178 potest,
1025 1127 1183 1164 utrum
1207 1120 1322 1162 haec
1346 1117 1569 1172 doctrina,
1597 1131 1737 1174 quam

186 1194 392 1237 Isidorus
431 1209 458 1236 a
489 1192 666 1248 Servio,
707 1192 906 1248 Placido,
945 1191 1047 1235 aliis
1087 1197 1158 1234 est
1187 1196 1445 1245 mutuatus,
1484 1190 1541 1233 ad
1575 1189 1738 1233 Sueto-

182 1264 312 1307 nium
345 1271 582 1308 auctorem
616 1264 834 1307 ultimum
857 1263 1043 1306 recedat
1074 1277 1234 1306 necne.
1297 1261 1516 1306 Servium
1549 1259 1737 1317 quidem

180 1336 395 1380 Suetonii
434 1334 603 1379 librum
643 1349 821 1378 annum
857 1337 1176 1377 Romanorum
1217 1339 1512 1376 enarrantem
1545 1330 1737 1374 adhibu-

180 1407 271 1450 isse
292 1421 386 1450 non
404 1406 695 1463 negabimus,
719 1421 824 1449 011111
841 1405 939 1449 veri
961 1406 1023 1449 sit
1046 1404 1196 1448 simile
1214 1403 1411 1459 Vergilii
1434 1403 1735 1459 interpretem

180 1477 295 1521 alios
340 1492 523 1534 quoque
555 1477 697 1520 libros
729 1475 942 1522 Suetonii
987 1483 1040 1519 ut
1077 1475 1260 1530 librum,
1305 1475 1379 1518 cui
1423 1489 1593 1517 nomen
1640 1479 1738 1516 erat

181 1550 286 1604 περὶ
323 1551 540 1605 ἐπισήμων
576 1550 803 1603 πορνῶν,2)
845 1546 1077 1591 habuisse.
1142 1560 1427 1603 quamquam
1468 1551 1538 1588 est
1579 1559 1737 1587 conce-

180 1620 385 1662 dendum
399 1618 614 1664 Servium
634 1620 713 1662 illa
730 1618 961 1662 mensium
982 1617 1240 1674 veriloquia
1257 1615 1397 1659 nimis
1414 1617 1462 1659 in
1478 1622 1737 1671 angustum

181 1697 419 1734 contracta
452 1706 510 1733 ex
549 1689 639 1733 alio
680 1689 837 1733 nescio
877 1704 968 1746 quo
1001 1690 1059 1732 de
1096 1688 1188 1732 illis
1219 1687 1382 1731 multis
1422 1685 1738 1744 scriptoribus,

181 1764 259 1819 qui
283 1764 339 1806 de
372 1777 495 1806 anno
519 1764 839 1804 Romanorum
873 1759 1206 1814 disseruerunt,
1239 1773 1485 1815 excerpere
1513 1757 1735 1814 potuisse.

180 1841 319 1891 atque
356 1834 480 1876 idem
526 1834 619 1875 fere
659 1833 716 1875 de
751 1831 1023 1888 Augustino
1062 1830 1384 1874 iudicabimus.
1447 1829 1546 1873 veri
1585 1828 1738 1872 simile

181 1920 282 1948 esse
303 1904 418 1947 mihi
438 1903 634 1958 videtur,
651 1902 784 1946 illum
802 1910 983 1959 patrem
1001 1901 1222 1946 ecclesiae
1240 1901 1575 1956 doctissimum,
1599 1915 1737 1958 quem

180 1976 333 2020 virum
371 1974 602 2018 maximae
640 1974 854 2018 lectionis
886 1974 1030 2017 fuisse
1063 1980 1258 2028 constat,
1297 1973 1373 2015 hic
1412 1972 1602 2016 omnino
1641 1986 1734 2014 non

181 2053 360 2089 certum
383 2047 615 2103 quendam
638 2052 874 2089 auctorem
899 2044 1196 2102 excerpsisse,
1229 2045 1309 2087 sed
1333 2045 1455 2088 hanc
1477 2043 1735 2087 doctrinam

181 2119 237 2161 de
278 2132 362 2160 suo
400 2116 660 2174 protulisse.
723 2117 804 2160 sed
842 2117 890 2159 in
932 2115 1117 2159 Placido
1157 2117 1497 2172 glossographo
1536 2116 1736 2158 frustula

181 2189 418 2232 doctrinae
450 2187 768 2233 Suetonianae
806 2188 958 2231 inesse
997 2202 1080 2244 pro
1119 2193 1244 2230 certo
1282 2187 1441 2242 habeo,
1481 2201 1586 2230 cum
1628 2201 1736 2229 eum

327 2285 353 2327 l)
379 2284 536 2319 ceterum
562 2283 717 2326 Placido,
745 2294 853 2329 quem
880 2284 983 2319 sexto
1009 2294 1042 2329 p.
1072 2283 1154 2320 Chr.
1181 2294 1215 2319 11.
1243 2283 1389 2319 saeculo
1422 2283 1556 2317 vixisse
1581 2283 1655 2317 veri
1681 2282 1736 2317 est

181 2343 298 2379 simile
323 2343 379 2388 (cf.
404 2342 447 2378 G.
464 2342 581 2378 Goetz
606 2342 702 2387 apud
728 2342 1033 2389 Pauly-wissowa
1058 2343 1120 2378 VII
1138 2354 1170 2388 p.
1193 2342 1308 2388 1442),
1335 2343 1491 2378 Isidorus
1519 2341 1736 2387 permultum

181 2403 313 2438 debere
350 2402 500 2438 videtur.
550 2403 586 2437 in
623 2401 901 2438 differentiarum
933 2403 1125 2438 verborum
1152 2413 1180 2438 c.
1198 2402 1244 2438 99
1269 2402 1454 2438 Placidum
1487 2402 1532 2437 ab
1563 2403 1736 2446 episcopo

182 2463 277 2497 citari
302 2461 338 2496 P.
366 2461 534 2497 Wessner
559 2461 668 2505 (Be1l.
695 2461 820 2506 philol.
847 2461 1102 2498 Wochenschr.
1124 2462 1215 2498 1910
1240 2472 1275 2507 p.
1294 2462 1378 2507 818)
1404 2461 1537 2496 monet.
1565 2460 1660 2496 idem
1684 2462 1737 2496 vir

181 2521 412 2556 doctissimus
437 2521 570 2556 indicat
596 2520 779 2555 Placidum
806 2520 911 2566 Corp.
938 2520 1061 2556 Gloss.
1087 2521 1145 2556 lat.
1165 2521 1197 2556 V
1215 2521 1271 2564 87,
1301 2520 1344 2556 13
1371 2521 1476 2555 nobis
1495 2519 1647 2555 eandem
1666 2520 1736 2555 diei

182 2579 457 2625 dispositionem
484 2579 612 2615 offerre
638 2582 745 2624 atque
764 2579 883 2614 Isidor.
903 2579 948 2614 de
973 2580 1043 2615 nat.
1064 2590 1126 2615 rer.
1152 2579 1179 2614 11
1198 2580 1230 2615 2.
1248 2579 1282 2622 3,
1308 2579 1480 2614 Isidorum
1507 2579 1614 2624 igitur
1630 2580 1736 2614 etiam

182 2639 240 2674 liic
265 2639 572 2685 glossographum
595 2639 739 2681 adiisse,
766 2639 800 2674 ef
822 2639 857 2673 in
884 2640 1010 2684 origin.
1030 2639 1062 2674 V
1079 2639 1137 2682 31,
1155 2639 1272 2674 4-14
1298 2641 1435 2683 praeter
1461 2638 1556 2673 hunc
1573 2637 1672 2673 Serv.
1691 2648 1736 2683 ap

183 2698 273 2733 Aen.
299 2697 427 2733 111587
454 2698 674 2734 adhibuisse.

326 2757 354 2800 2)
381 2756 423 2792 cf.
450 2756 491 2792 A.
519 2757 776 2797 Reifferscheid
801 2757 822 2793 l.
844 2767 872 2792 c.
893 2768 925 2802 p.
945 2757 1024 2793 466.
