2001 3099
802 126 972 165 —29
1044 149 1088 153 -.-

173 265 252 306 sed
287 278 391 307 cum
419 264 557 306 ctiam
585 263 888 306 Censorinum
913 264 1095 306 duobus
1119 278 1234 319 quos
1260 264 1505 307 citavimus
1530 265 1641 307 locis
1665 280 1722 306 ex

176 337 381 378 Varrone
413 335 612 391 pendere
645 334 741 378 veri
776 334 1066 377 simillimum
1100 334 1160 377 sit
1175 337 1217 388 ¹),
1251 334 1453 390 suspicio
1486 342 1557 378 est
1582 336 1720 378 etiam

174 405 433 448 Ausonium
467 404 514 447 in
546 406 632 448 hac
656 406 819 461 ecloga
843 405 1101 447 doctrinam
1127 404 1466 448 Varronianam
1490 407 1721 461 praebere.

314 477 404 519 Sed
447 475 537 518 iam
582 491 881 532 properemus
924 477 979 518 ad
1021 477 1232 531 eclogam
1274 483 1558 531 sequentem,
1604 492 1721 533 quae

172 546 438 589 inscribitur
470 547 526 589 de
559 547 737 589 ratione
770 547 925 589 librae.
985 546 1060 589 hic
1092 554 1230 602 poeta
1262 561 1347 589 nos
1371 548 1506 589 docet
1529 547 1723 603 corpori-

174 619 258 661 bus
291 617 451 660 mundi
485 617 770 673 ingentibus,
805 632 923 674 quae
956 618 1003 660 111
1040 632 1123 660 sua
1156 618 1232 660 via
1261 632 1448 660 manere
1471 633 1621 674 neque
1644 633 1724 660 1111-

173 703 308 744 quam
357 689 447 731 labi
484 703 620 731 nemo
668 704 760 731 non
807 689 1010 743 miretur,
1044 688 1317 732 tenuissima
1355 688 1581 746 principia
1614 704 1724 742 esse,

172 774 289 814 quae
341 774 591 815 parvarum
642 759 760 802 serie
804 767 1065 803 atomorum
1131 766 1355 803 constent.
1419 761 1498 802 sed
1544 767 1724 803 atomos

171 845 337 885 parvas
376 830 499 886 ipsas
540 830 709 873 solidas
744 846 843 873 esse
876 846 1026 887 neque
1059 832 1205 873 ullum
1240 838 1537 887 segmentum
1569 832 1625 874 ab
1660 832 1725 873 eis

172 902 346 944 secludi
380 916 526 957 posse.
577 918 667 958 qua
699 918 755 945 ex
778 918 825 945 re
849 902 979 958 sequi
1003 904 1128 944 illam
1155 909 1392 945 aeternam
1415 902 1723 946 mobilitatem

171 972 385 1015 siderum.
445 974 567 1029 quod
601 982 653 1016 ut
686 974 898 1027 illustret,
932 989 980 1016 se
1013 973 1185 1017 divinis
1218 974 1423 1016 humana
1457 988 1723 1030 comparare.

171 1044 290 1086 velle
334 1043 408 1086 ait.
471 1045 537 1087 510
582 1059 731 1087 assem
775 1059 875 1087 esse
917 1045 1129 1098 solidum,
1175 1046 1285 1087 dum
1325 1045 1455 1087 nulla
1499 1044 1635 1088 uncia
1668 1046 1724 1087 de

170 1115 318 1159 unciis
357 1116 614 1169 duodecim,
662 1131 855 1172 quarum
898 1130 1205 1172 unaquaeque
1249 1130 1391 1158 unam
1436 1116 1725 1172 eandemque

139 1236 141 1238 ,
170 1187 265 1230 vim
298 1187 481 1241 habeat,
515 1188 744 1230 dematur.
809 1193 861 1229 ut
893 1186 930 1229 si
965 1186 1068 1242 quis
1102 1188 1160 1229 de
1192 1186 1366 1229 fornice
1399 1186 1601 1243 lapidem
1634 1202 1725 1229 me-

170 1258 298 1302 dium
332 1260 486 1313 vellat,
526 1258 689 1314 reliqui
723 1260 939 1301 labantur
974 1266 1019 1302 et
1051 1259 1280 1313 decidant,
1319 1260 1384 1302 ita
1417 1274 1516 1302 sese
1554 1259 1725 1302 habere

169 1330 329 1373 libram
363 1329 489 1375 assis,
542 1330 580 1372 si
614 1329 734 1372 desit
756 1330 905 1384 uncia,
942 1337 1091 1373 totum
1123 1330 1214 1372 iam
1239 1331 1465 1373 deuncem
1494 1345 1602 1373 esse.
1642 1345 1726 1372 nec

169 1402 438 1444 dextantem
473 1400 670 1444 retinere
704 1415 873 1443 nomen
914 1402 991 1456 (sc.
1021 1404 1176 1454 suum)
1210 1408 1426 1444 sextante
1458 1402 1646 1457 dempto
1680 1408 1726 1444 et

170 1473 445 1515 dodrantem
479 1473 736 1528 quadrante
759 1473 943 1515 sublato
967 1479 1156 1515 auctore
1178 1472 1203 1515 i.
1225 1488 1271 1526 e.‚
1294 1473 1333 1515 si
1357 1472 1466 1528 quid
1490 1473 1725 1528 intellego,

170 1542 447 1586 auctoritate
487 1558 571 1586 sua
605 1558 758 1585 carere
772 1546 803 1595 2)
836 1543 1040 1599 itemque
1075 1544 1253 1586 bessem
1279 1543 1447 1587 triente
1470 1544 1655 1587 divulso
1679 1551 1725 1586 et

170 1614 478 1671 quincuncem
503 1621 763 1669 grammate
787 1615 987 1670 dempto.
1037 1615 1277 1657 semissem
1312 1630 1403 1657 non
1437 1629 1537 1657 esse
1569 1615 1725 1657 5011115-

169 1700 278 1740 sem,
316 1686 393 1728 ubi
435 1692 612 1741 partem
654 1684 768 1728 assis
813 1686 1042 1739 detrahas,
1091 1692 1362 1741 septuncem
1409 1700 1500 1728 non
1545 1692 1723 1742 septem

169 1764 322 1812 partes
337 1758 371 1811 3)
404 1757 530 1810 assis,
564 1756 602 1798 si
627 1756 734 1812 quid
760 1756 892 1800 desit.
938 1756 1100 1799 libram
1126 1757 1272 1812 igitur
1301 1771 1411 1810 esse,
1446 1756 1483 1799 si
1508 1763 1659 1799 totum
1677 1756 1722 1798 in

169 1828 296 1870 nulla
329 1834 459 1883 parte
491 1827 688 1884 vacillet.
733 1827 873 1869 libras
908 1828 1059 1870 varias
1094 1843 1205 1881 esse,
1239 1836 1291 1871 ut
1315 1828 1493 1871 telluris
1526 1842 1645 1884 quae
1676 1828 1723 1869 in

313 1935 337 1977 ¹)
364 1945 391 1969 0.
424 1935 476 1976 18,
513 1934 548 1968 11
581 1944 624 1969 ex
650 1934 808 1969 Varrone
835 1943 916 1969 esse
943 1935 1111 1969 haustum
1139 1935 1220 1969 ideo
1247 1945 1309 1979 pro
1337 1935 1432 1969 certo
1465 1934 1594 1978 habeo,
1627 1936 1725 1979 quod

168 1994 387 2030 Censorinus
419 1996 454 2028 in
487 1994 555 2029 hoc
589 1995 703 2039 capite
737 1994 772 2029 et
804 1994 980 2038 capitibus
1013 1995 1183 2038 proximis
1210 1994 1408 2030 Varronem
1441 1996 1475 2028 et
1502 1993 1725 2035 Suetonium,

168 2064 259 2098 quos
289 2055 366 2098 ipse
392 2063 419 2088 c.
440 2053 496 2095 20,
523 2053 543 2088 2
562 2054 654 2098 citat,
682 2053 825 2088 alternis
851 2054 990 2088 vicibus
1018 2053 1227 2088 adhibuisse
1253 2054 1410 2094 videtur;
1453 2053 1494 2088 cf.
1522 2053 1558 2088 P.
1584 2053 1723 2095 Weber,

168 2112 315 2155 Quaest.
334 2112 494 2155 Sueton,
514 2113 598 2147 diss.
619 2112 698 2147 Hal.
721 2112 810 2149 1903
830 2122 864 2157 p.
883 2112 938 2147 46.
959 2122 985 2146 e.
1008 2112 1050 2147 13
1070 2112 1309 2148 Censorinum
1328 2122 1371 2147 ex
1389 2112 1549 2147 Varrone
1568 2114 1724 2157 exscrip-

167 2173 258 2207 sisse
283 2172 371 2207 infra
397 2172 736 2207 demonstrabimus.

310 2232 338 2275 2)
366 2231 479 2266 codex
505 2231 536 2266 V
554 2232 701 2276 praebet
727 2231 823 2266 hunc
849 2240 992 2266 versum
1020 2235 1242 2276 corruptum:
1267 2233 1311 2266 ‘et
1346 2232 1501 2266 dodrans
1528 2231 1725 2275 quadrante

168 2276 241 2325 sats
273 2291 415 2325 auctore
442 2290 596 2325 carebit.’
648 2289 854 2325 Gronovius
885 2300 948 2334 pro
979 2277 1056 2325 sat}
1088 2292 1226 2325 censuit
1258 2302 1378 2325 carens
1410 2291 1605 2336 legendum
1632 2299 1712 2324 esse

168 2349 404 2386 Schenkelius
436 2352 582 2385 retracto
615 2350 738 2385 voluit.
797 2352 987 2393 utrumque
1019 2351 1092 2384 veri
1125 2350 1299 2384 dissimile
1339 2350 1425 2384 mihi
1458 2349 1599 2385 videtur
1631 2338 1725 2399 esse:

168 2410 243 2445 llud
275 2421 395 2445 ear-ens
430 2410 574 2454 propter
605 2419 764 2454 sequens
797 2411 922 2444 carebit
954 2411 990 2444 et
1022 2418 1062 2444 ea
1096 2409 1142 2444 de
1177 2419 1294 2451 causa,
1322 2410 1420 2453 quod
1453 2409 1596 2451 litteras,
1631 2419 1724 2453 quae

168 2469 319 2510 exstant,
346 2478 389 2503 ex
415 2479 538 2504 carens
555 2477 636 2503 esse
662 2468 839 2513 profectas
858 2469 917 2502 vix
946 2468 1008 2502 tibi
1028 2468 1256 2513 persuadeas,
1283 2469 1352 2503 hoc
1368 2471 1517 2503 retracto
1535 2467 1661 2502 eadem
1679 2468 1724 2502 de

168 2537 284 2564 causa.
335 2537 405 2573 ego
435 2528 567 2562 sublato
601 2537 681 2562 esse
715 2527 947 2563 scribendum
981 2528 1129 2569 conicio,
1169 2538 1241 2571 quo
1275 2537 1318 2562 ex
1351 2528 1461 2562 verbo
1494 2527 1724 2572 neglegentia

168 2587 308 2622 liibrarii
327 2586 522 2629 cuiusdam,
549 2588 608 2631 qui
628 2587 761 2621 litteras
782 2588 855 2622 VBL
874 2587 1004 2627 omisit,
1024 2587 1261 2631 corruptelam
1278 2587 1377 2621 SATS
1393 2595 1472 2621 esse
1491 2588 1603 2620 ortam
1622 2586 1724 2620 facile

168 2646 254 2681 mihi
282 2645 414 2680 credas.

311 2705 337 2748 3)
365 2714 434 2750 ego
467 2705 612 2749 quidem
646 2715 710 2750 pro
744 2706 838 2739 certo
874 2705 991 2739 habeo
1017 2705 1220 2740 Ausonium
1247 2704 1338 2740 falso
1367 2705 1555 2748 septimam
1588 2705 1723 2748 partem

168 2774 231 2809 pro
260 2764 406 2808 septem
437 2764 594 2808 partibus
621 2763 765 2799 dixisse.
