2001 3099
791 134 1076 172 —17-

164 272 407 315 diuturnas
453 271 676 326 surgendi
721 271 1026 315 difficultates
1065 306 1073 314 .
1107 307 1115 314 .
1152 308 1159 316 .
1206 274 1400 330 scriptor
1445 273 1712 316 Herodotus

163 344 308 397 docet,
330 343 456 384 ultra
477 357 650 383 omnem
672 343 977 389 altitudinem,
1003 357 1118 398 quae
1143 344 1376 386 hominum
1399 360 1538 386 mama
1561 345 1719 400 confici

156 417 312 470 potest,
343 419 521 456 erectae
542 416 653 454 sunt
674 416 834 463 turra,
859 413 917 456 ab
939 413 1033 456 imo
1055 413 1323 469 latissimae,
1345 414 1393 457 in
1418 415 1713 459 summitates

162 483 454 527 acutissimas
492 484 772 528 desinentes.
811 487 878 528 29.
914 499 1032 540 quae
1077 485 1232 540 figura
1274 486 1398 543 apud
1450 493 1714 542 geometras

162 555 265 598 ideo
299 555 362 597 sic
395 555 667 611 appellatur,
708 555 830 611 quod
865 555 921 597 ad
955 555 1080 611 ignis
1112 556 1312 612 speciem
1353 561 1441 611 (τοῦ
1475 558 1630 613 πυρὸς,
1663 564 1716 600 ut

162 641 244 668 nos
284 624 500 681 dicimus)
540 632 822 668 extenuatur
861 626 907 667 iu
948 637 1140 669 conum.
1204 642 1401 683 quarum
1442 628 1714 682 magnitudo

162 697 379 752 quoniam
439 696 487 738 in
544 696 869 739 celsitudinem
923 695 1115 740 nimiam
1175 699 1404 741 scandens
1463 698 1717 755 graciliscit

160 767 396 823 paulatim,
442 767 643 810 umbras
687 782 872 824 quoque
921 768 1193 811 mechanica
1234 770 1416 812 ratione
1456 770 1715 813 consumit.

299 842 499 882 Auson.
545 839 721 895 quadro
746 838 859 892 (cui)
891 839 939 881 in
963 839 1154 896 fastigia
1187 851 1313 885 cono
1347 841 1502 898 surgit
1536 848 1583 884 et
1614 840 1715 898 ipsa

158 920 280 952 suas
313 910 558 953 consumit
589 911 808 967 pyramis
840 911 1058 954 umbras.

302 981 502 1037 Hygin.
566 982 654 1024 fab.
688 984 771 1024 223
812 988 992 1037 septem
1025 997 1164 1038 opera
1206 982 1446 1026 mirabilia.
1511 983 1715 1039 Ephesi

160 1052 369 1095 Dianae
417 1052 700 1108 templum,
754 1053 877 1109 quod
926 1052 1035 1096 fecit
1084 1055 1288 1097 Amazon
1339 1055 1504 1098 Otrera
1554 1054 1717 1098 Martis

159 1124 373 1166 coniunx.
439 1123 837 1166 Monimentum
878 1124 1029 1180 regis
1065 1126 1301 1168 Mausoli
1340 1125 1574 1182 lapidibus
1607 1125 1718 1168 lich-

95 1201 98 1204 ’
158 1193 313 1238 niticis
346 1196 495 1237 altum
529 1196 710 1240 LXXX
742 1194 962 1238 circuitus
995 1196 1137 1252 pedes
1167 1197 1484 1244 CIOCCCXL.
1536 1197 1716 1240 Rhodi

158 1266 376 1322 signum
410 1264 557 1309 Solis
590 1280 817 1309 aeneum
857 1266 910 1308 id
944 1273 1027 1309 est
1061 1267 1323 1310 Colossus
1364 1269 1486 1311 altus
1519 1268 1717 1325 pedibus

157 1337 253 1381 XC.
303 1336 534 1392 Signum
569 1335 720 1380 Iovis
754 1336 1014 1393 Olympii,
1055 1339 1197 1394 quod
1230 1338 1364 1382 fecit
1399 1338 1621 1382 Phidias
1654 1354 1718 1382 ex

157 1408 318 1450 ebore
356 1414 409 1450 et
447 1422 577 1450 auro
617 1408 784 1450 sedens
822 1409 960 1463 pedes
994 1411 1091 1455 LX.
1155 1409 1360 1453 Domus
1402 1409 1528 1467 Cyri
1567 1411 1717 1467 regis

157 1478 205 1520 in
248 1477 518 1532 Ecbatanis,
558 1493 717 1534 quam
755 1478 890 1522 fecit
929 1482 1180 1524 Memnon
1222 1480 1505 1537 lapidibus
1546 1480 1717 1524 variis

159 1556 204 1591 et
227 1548 435 1592 candidis
468 1550 677 1592 vinctis
711 1564 851 1592 auro.
907 1552 1094 1593 Murus
1124 1551 1176 1593 in
1202 1552 1527 1607 Babylonia,
1560 1566 1718 1609 quem

156 1620 292 1663 fecit
335 1620 654 1664 Semiramis
698 1621 908 1664 Dercetis
950 1620 1046 1664 filia
1089 1623 1265 1665 latere
1312 1630 1469 1666 cocto
1515 1630 1570 1666 et
1615 1624 1719 1665 sul-

156 1692 329 1747 phure
352 1692 495 1734 ferro
519 1690 785 1746 vinctum,
807 1692 955 1734 latum
978 1693 1120 1748 pedes
1140 1695 1277 1737 XXV
1300 1695 1446 1737 altum
1471 1694 1613 1750 pedes
1632 1697 1718 1739 LX

155 1762 202 1803 in
246 1761 441 1805 circuitu
486 1761 743 1805 stadiorum
788 1762 911 1806 CCC.
995 1763 1311 1818 Pyramides
1359 1764 1412 1807 in
1463 1767 1718 1821 Aegypto

157 1846 381 1887 quarum
414 1834 604 1876 umbra
638 1848 741 1876 non
777 1834 1003 1877 videtur
1036 1835 1158 1878 altae
1191 1836 1332 1891 pedes
1367 1838 1463 1883 LX.

296 1916 394 1959 Cas
408 1916 606 1959 siodor.
672 1918 779 1960 Var.
804 1918 894 1960 VII
924 1920 1015 1972 15,4
1050 1919 1206 1961 ferunt
1238 1918 1374 1975 prisci
1410 1918 1583 1962 saeculi
1617 1934 1719 1963 nar-

154 1992 328 2029 ratores
367 1986 648 2030 fabricarum
689 1994 869 2044 septem
911 1995 1097 2031 tantum
1137 1988 1271 2032 terris
1316 1991 1552 2034 adtributa
1584 1991 1718 2033 mira-

157 2058 275 2100 cula:
356 2057 563 2114 Ephesi
628 2058 842 2101 Dianae
906 2061 1187 2115 templum3
1267 2061 1415 2116 regis
1480 2062 1718 2103 Mausoli

156 2129 592 2183 pulcherrimum
626 2137 1058 2185 monumentum,
1092 2147 1118 2173 a
1142 2145 1233 2187 quo
1264 2138 1310 2174 et
1334 2132 1573 2174 Mausolea
1596 2131 1719 2175 dicta

157 2206 286 2253 sunt;
352 2200 528 2242 Rhodi
562 2199 698 2242 solis
738 2215 967 2243 aeneum
1002 2200 1242 2257 signum,
1283 2203 1423 2258 quod
1464 2204 1719 2245 colossus

157 2271 405 2324 vocatur,
438 2271 588 2314 Iovis
613 2272 889 2327 Olympici
919 2273 1293 2327 simulacrum,
1329 2274 1467 2329 quod
1495 2273 1719 2316 Phidias

158 2340 335 2396 primus
369 2341 604 2385 artificum
637 2356 821 2384 summa
861 2344 1099 2399 elegantia
1138 2345 1299 2387 ebore
1340 2359 1583 2400 auroque
1621 2345 1720 2387 for-

157 2412 344 2466 mavit3
405 2413 529 2468 Cyri
565 2414 808 2457 Medorum
841 2415 992 2470 regis
1025 2415 1234 2469 domus,
1268 2430 1427 2472 quam
1463 2418 1718 2458 Memnon

158 2489 255 2525 arte
286 2484 484 2540 prodiga
515 2483 755 2538 illigatis
789 2499 919 2527 auro
952 2485 1237 2541 lapidibus
1271 2487 1585 2539 fabricavit3
1633 2488 1721 2529 Ba-

158 2553 418 2608 byloniae
449 2555 607 2608 muri,
641 2570 774 2610 quos
796 2555 1117 2599 Semiramis
1141 2558 1335 2613 regina
1368 2558 1543 2600 latere
1566 2563 1720 2600 cocto

159 2625 382 2681 sulpure
404 2627 661 2682 ferroque
685 2626 1016 2680 construxit3
1040 2628 1353 2682 pyramides
1376 2628 1428 2669 in
1455 2629 1720 2683 Aegypto,

159 2710 384 2751 quarum
424 2697 471 2738 in
512 2712 596 2739 suo
638 2703 763 2739 statu
807 2709 862 2740 se
902 2698 1076 2740 umbra
1115 2709 1412 2743 consumens
1457 2699 1585 2740 ultra
1625 2714 1720 2740 con-

157 2767 418 2808 structionis
448 2769 591 2822 spatz'a
624 2769 779 2811 nulla
813 2775 970 2824 parte
1001 2769 1315 2824 respicitur.

1573 2841 1594 2875 2
