2001 3099
896 146 1188 186 -86-

261 284 547 339 Volcanalia,
594 283 877 330 Saturnalia.
954 285 1190 329 Ausonius
1238 292 1285 329 et
1331 286 1598 343 menologia
1644 287 1816 332 rustica

261 355 517 399 ostendunt
549 355 632 398 has
665 355 804 398 ferias
827 356 1096 400 duodecim:
1131 355 1424 413 Compitalia,
1456 359 1674 401 Natalem
1701 362 1816 403 Her-

261 427 389 482 culis,
422 425 526 481 Isia,
559 425 806 482 Liberalia,
840 427 1168 484 Quinquatria,
1204 427 1418 483 Floralia,
1451 429 1669 472 Natalem
1701 433 1816 473 Mer-

261 497 388 552 curii,
411 496 714 554 Apollinaria,
738 498 1039 554 Neptunalia,
1072 500 1292 542 Natalem
1318 497 1510 554 Dianae,
1533 500 1816 556 Volcanalia,

261 567 541 613 Saturnalia.
606 569 663 612 de
695 569 864 626 quibus
897 576 1121 627 quattuor
1154 569 1460 628 (Compitalia,
1493 571 1677 614 Natalis
1702 574 1817 615 Her-

261 639 389 696 culis,
421 640 609 684 Natalis
633 640 863 696 Mercurii,
896 642 1082 685 Natalis
1107 641 1305 694 Dianae)
1336 641 1384 684 in
1418 642 1815 687 hermeneumatis

259 727 353 755 non
387 711 708 756 inveniuntur.
772 713 1011 756 Ausonius
1044 727 1168 756 unus
1201 713 1344 755 habet
1375 713 1461 755 has
1484 713 1640 756 ferias:
1677 715 1815 771 Regi-

260 782 458 840 fugium,
492 783 783 839 Matronalia,
815 784 951 827 ludos
986 785 1293 841 Megalenses,
1333 786 1495 827 Nonas
1529 784 1815 841 Caprotinas,

260 854 525 910 Consualia,
574 855 753 912 Opalia,
801 854 1054 911 Sigillaria,
1099 870 1294 898 munera
1333 855 1659 911 gladiatorum.
1728 857 1817 899 hae

259 933 417 970 autem
469 932 582 969 sunt
635 925 899 983 Regifugio,
952 927 1075 970 ludis
1126 926 1490 983 Megalensibus,
1543 927 1816 971 muneribus

261 997 576 1053 gladiatorum
600 998 807 1054 exceptis
831 998 1023 1041 eaedem
1046 997 1251 1054 quinque
1273 998 1413 1041 feriae
1446 997 1678 1055 antiquae,
1701 1013 1815 1055 quas

259 1067 401 1111 etiam
434 1069 558 1126 apud
584 1068 874 1112 Philocalum
907 1068 1286 1122 desideravimus.
1335 1068 1401 1112 ita
1433 1084 1491 1112 ex
1523 1069 1610 1112 hac
1632 1084 1815 1126 quoque

259 1139 607 1197 comparatione
631 1147 825 1198 apparet
842 1139 1103 1183 Ausonium
1127 1141 1175 1183 in
1199 1141 1286 1184 hac
1309 1142 1471 1197 ecloga
1493 1142 1816 1197 componenda

259 1226 359 1254 esse
403 1212 597 1255 ductum
642 1226 738 1255 non
778 1218 874 1255 tam
915 1211 1046 1255 fastis
1087 1211 1315 1255 Romanis
1354 1227 1493 1269 quam
1531 1212 1589 1255 ab
1628 1219 1815 1255 auctore

259 1283 460 1340 quodam
508 1282 777 1326 doctissimo
825 1290 872 1326 et
919 1283 1032 1326 satis
1080 1282 1274 1340 antiquo
1321 1290 1405 1327 aut
1451 1282 1530 1340 qui
1567 1283 1815 1341 praecipue

258 1354 395 1398 ferias
428 1353 646 1411 antiquas
681 1360 910 1397 tractaret.

401 1426 495 1469 iam
526 1426 707 1482 pridem
739 1425 1000 1468 Fridericus
1026 1428 1159 1469 Marx
1174 1429 1203 1480 ¹)
1235 1426 1323 1469 hoc
1356 1440 1541 1469 carmen
1576 1427 1815 1483 attingens

259 1498 407 1540 obiter
455 1496 586 1554 quasi
628 1496 676 1540 in
716 1504 986 1540 transcursu
1030 1496 1352 1553 interrogavit,
1400 1511 1558 1540 nonne
1602 1498 1815 1542 Suetonii

258 1570 435 1612 ludicra
473 1568 668 1612 historia
708 1570 812 1612 fons
850 1568 991 1612 huius
1031 1570 1221 1625 eclogae
1254 1569 1403 1612 fuerit.
1466 1584 1618 1626 neque
1650 1570 1813 1612 falsam

259 1640 573 1684 coniecturam
612 1639 690 1684 ille
729 1641 800 1684 vir
839 1640 1137 1683 doctissimus
1176 1641 1425 1697 protulisse
1464 1641 1579 1683 mihi
1620 1640 1814 1684 videtur.

259 1711 473 1756 Suetonii
502 1711 707 1755 ludicrae
740 1711 962 1755 historiae
986 1711 1175 1755 titulum
1209 1712 1408 1755 latinum
1433 1712 1615 1755 Gellius
1638 1715 1708 1755 IX
1730 1716 1766 1766 7,
1790 1717 1813 1755 3

258 1784 510 1827 memoriae
541 1782 759 1841 prodidit.
823 1783 993 1827 Suidas
1027 1784 1113 1826 sub
1147 1783 1336 1826 nomine
1365 1782 1581 1827 Suetonii
1612 1785 1702 1841 περὶ
1732 1790 1816 1826 τῶν

257 1856 373 1910 παρὰ
400 1857 627 1910 Ῥωμαίοις
658 1857 855 1909 θεωριῶν
886 1857 957 1898 καὶ
988 1857 1169 1910 ἀγώνων
1199 1853 1239 1910 β’
1274 1861 1533 1909 enumerat3
1573 1855 1658 1898 hos
1698 1856 1814 1898 duos

259 1927 399 1969 libros
422 1927 478 1969 de
502 1929 822 1969 Romanorum
844 1926 968 1969 ludis
992 1932 1038 1968 et
1060 1924 1394 1968 certaminibus
1416 1931 1598 1981 partem
1620 1927 1814 1969 alteram

258 1997 463 2040 ludicrae
510 1996 733 2040 historiae
780 1998 923 2040 fuisse
962 1997 1059 2040 veri
1108 2003 1180 2039 est
1223 1996 1387 2051 simile,
1433 2011 1540 2039 cum
1578 1996 1625 2039 in
1664 1999 1814 2054 priore

258 2076 390 2127 parte
442 2069 593 2126 operis
641 2068 921 2113 Suetonium
969 2069 1026 2111 de
1074 2068 1361 2112 Graecorum
1409 2067 1531 2110 ludis
1580 2075 1627 2111 et
1674 2076 1815 2112 certa-

260 2141 464 2184 minibus
512 2139 665 2197 egisse.
713 2140 774 2183 sit
820 2140 1073 2197 probabile.
1153 2141 1468 2196 fragmentum
1509 2139 1644 2196 enirn,
1692 2142 1813 2197 quod

261 2212 444 2256 Gellius
477 2213 502 2256 l.
527 2227 560 2255 c.
594 2227 618 2255 e
652 2213 802 2269 primo
836 2212 952 2255 libro
985 2211 1190 2254 ludicrae
1213 2210 1435 2254 historiae
1459 2211 1633 2266 citavit,
1667 2219 1736 2255 est
1759 2213 1814 2256 (le

263 2284 436 2327 fidibus
470 2282 494 2327 i.
519 2299 553 2326 e.
588 2284 645 2326 de
676 2282 868 2327 Graecis
897 2284 1047 2326 rebus.
1095 2284 1175 2326 sed
1199 2281 1534 2339 expressiorem
1557 2281 1813 2339 imaginem

261 2354 465 2398 ludicrae
488 2353 711 2398 historiae
735 2354 875 2398 finxit
897 2356 1145 2411 Augustus
1164 2352 1501 2397 Reifferscheid
1514 2357 1559 2409 2),
1583 2368 1688 2397 cum
1711 2370 1813 2397 eam

405 2512 430 2555 ¹)
458 2511 553 2557 apud
580 2510 887 2556 Pauly-Wissowa
913 2510 939 2546 II
967 2521 1000 2556 p.
1020 2510 1123 2547 2572.

403 2572 429 2615 ²)
458 2572 478 2606 1.
500 2582 526 2606 c.
556 2582 588 2616 p.
608 2570 807 2606 332-345.
835 2569 1032 2606 461-465.
1083 2569 1396 2605 Noeldechenium
1436 2569 1578 2612 (Pliilol.
1616 2569 1740 2614 Suppl.
1769 2569 1814 2604 VI

260 2641 292 2674 p.
313 2632 381 2665 729
400 2630 493 2675 sqq.)
521 2631 556 2665 et
580 2630 793 2666 Werberum
830 2630 1053 2676 (Prograrnm
1086 2629 1151 2664 des
1182 2628 1553 2674 Staatsgymnasiums
1586 2629 1621 2663 in
1650 2628 1813 2663 Teschen

264 2690 352 2725 1896
379 2701 410 2734 p.
434 2691 447 2724 1
470 2690 563 2735 sqq.)
584 2690 673 2725 nihil
691 2690 813 2725 contra
832 2689 1164 2729 Reifferscheidium
1183 2688 1378 2733 profecisse
1396 2687 1553 2723 ostendit
1571 2687 1614 2722 H.
1627 2687 1663 2722 F.
1676 2686 1813 2728 Soveri‚

263 2748 316 2783 De
335 2749 499 2784 ludorum
531 2751 703 2784 memoria
729 2750 921 2794 praecipue
945 2748 1185 2784 Tertullianea
1212 2749 1327 2792 capita
1353 2747 1497 2790 selecta,
1531 2746 1814 2792 Helsingforsiae

264 2807 353 2843 1912
380 2818 413 2853 p.
436 2807 501 2844 158
527 2818 580 2853 sq.
