2001 3099
818 193 870 197 -
935 170 988 209 37
1055 193 1105 197 .--

187 316 374 364 sumpta
412 322 682 365 persuasum
725 308 962 350 habemus.
1027 309 1107 350 sed
1148 316 1199 350 ut
1233 309 1319 350 hoc
1352 309 1735 362 demonstremus,

186 381 325 436 paulo
363 379 550 434 longius
584 385 863 433 argumenta
896 378 1029 421 nobis
1063 387 1171 421 sunt
1204 380 1467 435 repetenda.
1531 381 1736 422 Censori-

185 465 285 504 nus,
319 450 428 506 quid
461 449 507 491 in
543 464 575 491 c.
603 453 624 490 7
659 477 671 479 Δ
697 453 745 491 13
781 455 979 491 tractare
1011 449 1057 491 in
1092 449 1248 492 animo
1282 450 1466 504 habeat,
1498 450 1673 493 indicat
1702 466 1734 493 c.

189 524 223 574 7,
266 525 280 562 1
333 519 404 562 his
445 519 616 562 verbis:
663 522 885 576 ‘superest
923 519 1074 562 dicere
1119 520 1176 561 de
1224 519 1521 575 temporibus,
1567 521 1735 577 quibus

150 594 154 597 ’
186 598 343 646 partus
382 591 561 633 soleant
599 606 698 633 esse
738 591 794 633 ad
834 591 1121 633 nascendum
1162 592 1350 644 maturi,
1394 590 1471 646 qui
1514 592 1641 634 locus
1682 607 1734 634 co

186 661 299 703 mihi
339 675 446 704 cura
486 661 657 703 maiore
697 663 968 704 tractandus
1009 669 1090 715 est,
1123 662 1246 717 quod
1281 662 1510 717 quaedam
1547 677 1733 705 necesse

185 739 255 774 est
305 732 361 774 de
414 731 669 787 astrologia
722 731 991 788 musicaque
1041 739 1087 774 et
1135 731 1430 775 arithmetica
1479 733 1735 788 attingere‘.

183 803 338 858 itaque
371 817 405 844 c.
440 806 463 844 7
497 801 738 858 opiniones
770 801 1154 858 philosophorum
1180 803 1463 845 Graecorum
1497 804 1553 846 de
1576 811 1736 859 partus

185 873 469 929 temporibus
520 874 704 929 profert,
764 889 799 917 c.
841 877 865 915 8
911 874 1039 917 illam
1089 873 1348 916 doctrinam
1397 875 1734 917 Chaldaeorum

183 945 521 1000 astrologorum
555 945 768 1000 explicat,
809 960 840 987 c.
866 948 890 986 9
916 946 973 987 ad
999 952 1207 1000 tempora
1230 959 1443 988 reversus
1466 944 1734 1002 opinionem

184 1015 541 1071 Pythagoricam
595 1016 792 1059 Varroni
846 1022 1093 1058 tractatam
1148 1015 1194 1057 in
1244 1015 1361 1058 libro
1388 1006 1487 1073 'qui
1543 1024 1736 1059 vocatur

181 1084 378 1140 Tubero,
419 1101 450 1128 c.
496 1089 546 1127 10
584 1086 753 1128 iterum
792 1101 818 1128 a
851 1101 899 1129 re
931 1085 1031 1142 ipsa
1063 1086 1302 1143 digressus
1335 1087 1391 1129 de
1424 1088 1629 1130 musicae
1666 1102 1734 1130 re-

182 1157 317 1212 gulis,
349 1157 551 1199 maxime
584 1158 640 1199 de
673 1157 963 1214 symphoniis
995 1157 1156 1213 primis
1190 1164 1236 1200 et
1268 1157 1555 1214 simplicibus
1594 1160 1733 1202 verba

181 1228 300 1282 facit,
334 1243 370 1270 c.
399 1232 444 1269 11
473 1229 529 1270 ad
563 1227 852 1284 propositum
885 1243 1098 1272 reversus
1124 1230 1419 1285 Pythagorae
1452 1230 1509 1272 de
1538 1244 1734 1273 numero

181 1300 358 1341 dierum
392 1299 449 1341 ad
482 1305 666 1355 partum
700 1299 1036 1355 pertinentium
1070 1299 1353 1343 sententiam
1386 1301 1598 1357 explicat.
1634 1308 1733 1344 tum

181 1385 216 1413 c.
247 1373 295 1412 12
328 1369 533 1412 musicae
567 1370 614 1412 in
648 1370 862 1413 homines
885 1371 1142 1427 potentiam
1167 1379 1362 1425 enarrat,
1395 1371 1594 1428 denique
1618 1388 1653 1415 c.
1684 1376 1731 1415 13

181 1441 450 1483 harmoniae
509 1439 767 1484 doctrinam
824 1442 1183 1497 Pythagoricam
1237 1443 1440 1499 exponit.
1520 1443 1732 1486 videmus

181 1511 325 1567 igitur
364 1523 470 1554 eum
509 1527 542 1554 c.
574 1515 610 1554 8.
645 1515 709 1555 10.
738 1515 799 1555 12.
844 1515 893 1555 13
928 1519 1200 1556 contextum
1234 1512 1570 1570 interrumpere
1607 1522 1653 1558 et
1685 1514 1730 1557 in

181 1581 293 1624 alias
316 1581 529 1638 regiones
553 1583 756 1638 evagari,
779 1583 824 1625 id
849 1584 971 1639 quod
995 1583 1094 1640 ipse
1112 1584 1158 1626 in
1180 1588 1251 1627 c.7
1271 1584 1405 1627 initio
1432 1584 1731 1630 indicaverat.

181 1668 212 1695 c.
240 1657 273 1696 7.
299 1656 334 1695 9.
364 1657 427 1697 11.
457 1657 519 1707 14,
552 1668 670 1709 quae
702 1654 970 1710 argumenti
1004 1654 1235 1698 affinitate
1269 1655 1501 1699 artissima
1535 1656 1655 1699 inter
1684 1673 1732 1700 se

180 1724 490 1778 continentur,
523 1739 547 1767 e
569 1724 791 1768 Varronis
813 1723 1062 1768 Tuberone
1095 1741 1194 1769 esse
1228 1733 1416 1784 sumpta
1452 1729 1494 1770 P.
1519 1728 1686 1772 Weber
1701 1732 1731 1781 ¹)

182 1797 241 1837 H.
268 1793 524 1838 Dielesinm
557 1802 745 1838 secutus
778 1802 901 1839 recte
924 1796 1279 1840 demonstravit.
1323 1798 1499 1840 fontem
1524 1797 1729 1854 capitum

180 1866 252 1921 (8.)
280 1869 340 1908 10.
370 1869 430 1909 12.
459 1869 508 1909 13
542 1881 636 1909 non
669 1865 862 1910 invenit.
927 1868 980 1909 A.
1006 1867 1251 1911 Halmium
1286 1867 1485 1925 quidem,
1519 1869 1597 1925 qui
1626 1878 1732 1926 post

182 1939 223 1979 P.
248 1938 497 1981 Weberum
546 1936 777 1994 copiosius
825 1938 881 1980 de
931 1938 1172 1982 Censorini
1222 1939 1427 1983 fontibus
1477 1941 1588 1996 egit,
1637 1956 1729 1984 non

178 2006 348 2064 effugit
379 2007 426 2050 in
459 2008 532 2051 his
561 2023 745 2065 quoque
778 2009 1008 2065 capitibus
1031 2011 1230 2053 frustula
1254 2011 1492 2054 doctrinae
1515 2013 1732 2056 Varroni-

178 2093 294 2121 anae
317 2079 471 2133 latere,
504 2079 549 2121 id
573 2079 696 2136 quod
720 2078 812 2122 iarn
840 2078 1019 2136 pridem
1043 2082 1101 2124 H.
1127 2081 1347 2138 Deiters2)
1372 2088 1418 2125 et
1440 2082 1491 2127 E.
1517 2084 1688 2126 Holzer
1700 2085 1730 2140 3)

178 2150 627 2204 demonstraverant,
661 2156 818 2193 tamen
851 2165 943 2193 non
978 2152 1135 2194 omnia
1157 2159 1436 2208 argumenta
1459 2153 1731 2198 exhausisse

178 2219 310 2263 nobis
333 2219 529 2276 videtur,
562 2221 627 2264 ita
650 2227 702 2264 ut
724 2228 903 2264 rectum
925 2220 1150 2265 iudicium
1174 2223 1231 2266 de
1264 2222 1336 2266 his
1369 2223 1600 2280 capitibus
1635 2240 1727 2268 non

179 2291 352 2335 fecerit.
416 2292 493 2335 sed
535 2292 857 2336 examinemus
891 2293 979 2349 ipsi
1012 2293 1127 2336 haec
1161 2295 1322 2351 capita.
1376 2296 1672 2339 exordiamur
1704 2313 1730 2340 a

178 2377 211 2405 c.
240 2366 302 2416 13,
336 2377 426 2419 quo
459 2364 670 2406 doctrina
701 2364 1113 2420 Pythagoreorum,
1147 2366 1225 2421 qui
1259 2366 1462 2408 siderum
1496 2381 1603 2409 suos
1637 2368 1730 2410 vol-

180 2432 389 2476 ventium
421 2434 554 2477 orbes
587 2441 866 2478 concentum
900 2449 1000 2477 esse
1033 2434 1263 2490 dicebant,
1303 2436 1578 2480 continetur.
1642 2439 1729 2482 hoc

178 2511 317 2560 caput
348 2518 443 2548 non
480 2504 569 2548 nisi
608 2506 714 2548 laxo
747 2504 934 2549 vinculo
968 2506 1190 2562 coniungi
1230 2514 1276 2550 et
1314 2507 1466 2551 verbis
1498 2509 1582 2556 (‘ad
1616 2510 1729 2553 haec

323 2635 331 2656 ¹
375 2634 396 2668 l.
417 2644 444 2670 c.
491 2635 571 2670 .38.

320 2639 347 2734 23
375 2645 495 2728 Uebgr
525 2694 588 2728 das
617 2694 819 2729 Verlitiltnis
846 2694 910 2729 des
936 2694 1131 2730 Martianus
1158 2694 1305 2739 Capella
1338 2706 1382 2731 zu
1415 2697 1589 2732 Aristides
1616 2697 1726 2741 Quin-

178 2752 329 2793 tilianus,
358 2751 562 2797 Programm
591 2752 705 2788 Poscn
737 2754 834 2787 1881.

320 2811 348 2853 3)
376 2811 605 2853 Varroniana,
632 2811 837 2857 Programm
870 2812 953 2848 Ulm
984 2812 1082 2849 1890.
