2001 3099
251 283 506 326 Fetiferum
542 283 751 339 Aprilem
785 284 933 327 vindi-

436 361 511 397 cat
542 355 665 397 alma
697 357 871 400 Venus.

193 424 421 469 Maiorum
455 425 607 469 dictus
640 432 828 482 patrum
860 427 917 470 de

481 496 670 540 nomine
704 497 872 541 Maius.

252 567 415 611 Iunius
470 568 636 611 aetatis
690 568 932 625 proximus

618 647 689 683 est
722 639 871 685 titulo.

192 709 395 754 Nomine
432 715 639 754 Caesareo
671 711 932 767 Quintilem

535 783 683 826 Iulius
717 790 873 840 auget.

253 856 496 910 Augustus
525 869 694 897 nomen
721 855 934 898 Caesare-

595 940 674 968 um
707 926 932 983 sequitur.

191 998 499 1052 Autumnum,
534 999 752 1051 Pomona,
786 1004 920 1040 tuum

435 1068 711 1124 September
744 1069 934 1125 opimat.

250 1138 456 1183 Triticeo
497 1140 700 1184 October
747 1141 934 1183 faenore

637 1210 758 1254 ditat
789 1226 933 1265 agros.

193 1284 358 1327 Sidera
389 1283 667 1340 praecipitas
700 1283 880 1339 pelago,

336 1353 620 1411 intempeste
654 1353 933 1397 November.

252 1425 326 1468 Tu
342 1426 574 1482 genialem
586 1425 803 1475 hiemem,
819 1425 935 1467 feste

462 1497 729 1553 December,
763 1497 875 1554 agis.

422 1640 586 1697 ecloga
618 1642 702 1683 XI.

196 1715 308 1755 Iane
342 1727 474 1762 nove,
508 1709 659 1767 primo
691 1712 770 1768 qui
804 1712 886 1755 das

438 1789 518 1825 tua
551 1782 742 1825 nomina
774 1784 935 1837 mensi,

256 1858 367 1898 Iane
400 1854 586 1909 bifrons,
620 1861 801 1911 spectas
826 1861 936 1898 tem-

440 1941 552 1983 pora
585 1927 694 1970 bina
726 1925 876 1970 simul.

200 2001 308 2041 Post
340 2012 561 2056 superum
595 1999 748 2042 cultus
781 1997 936 2042 vicino

524 2070 685 2113 februa
717 2085 878 2114 mense

258 2143 352 2183 Dat
374 2142 533 2184 Numa
562 2142 771 2195 cognatis
794 2143 938 2185 mam·-

568 2212 645 2255 bus
677 2212 878 2257 inferias.

202 2282 395 2327 Martius
428 2291 499 2328 est
526 2284 711 2340 generis
736 2284 938 2328 Romani

471 2357 655 2411 praesul
691 2363 737 2399 et
769 2355 879 2399 anni

260 2426 412 2470 Prima
452 2427 595 2470 dabas
635 2426 784 2473 Latiis
828 2435 940 2471 tem-

456 2513 567 2555 pora
601 2499 881 2543 consulibus.

945 146 1116 185 60-

1141 285 1305 330 Pervia
1326 293 1444 329 terra
1462 287 1571 329 dato
1590 287 1747 328 Mani-

1296 357 1374 399 bus
1406 371 1505 399 esse
1538 357 1687 413 vagis.

1037 432 1061 470 5
1082 427 1281 472 Condita
1313 426 1539 471 Mavortis
1570 442 1746 484 magno

1196 500 1282 542 sub
1315 499 1504 542 nomine
1539 501 1689 542 Roma

1141 573 1247 613 Non
1264 570 1638 613 habeterrorem:
1659 572 1748 612 Ro-

1219 642 1374 685 mulus
1406 645 1563 684 auctor
1592 639 1688 683 erit.

1083 714 1306 757 Caesarae
1325 719 1396 755 est
1412 712 1606 756 Veneris
1623 726 1749 754 men-

1191 784 1265 838 sis,
1296 799 1386 841 quo
1415 783 1608 826 floribus
1639 797 1749 826 arva

1143 857 1341 912 Compta
1378 855 1544 905 virent,
1584 852 1749 897 avibus

1176 942 1267 984 quo
1279 932 1416 969 sonat
1425 940 1562 968 omne
1574 939 1746 968 nemus.

1086 1001 1185 1042 Hos
1225 996 1435 1055 sequitur
1468 997 1617 1040 laetus
1651 1002 1750 1039 toto

1231 1070 1323 1112 iam
1359 1082 1549 1125 corpore
1584 1066 1750 1121 Maius,

1015 1146 1064 1185 10
1147 1139 1374 1184 Mercurio
1390 1146 1436 1182 et
1448 1139 1599 1182 Maiae
1612 1153 1751 1195 quem

1358 1211 1576 1254 tribuisse
1607 1209 1749 1253 iuvat.

1085 1284 1249 1328 lunius
1282 1282 1382 1339 ipse
1415 1281 1486 1325 sui
1521 1296 1709 1324 causam

1295 1353 1377 1397 tibi
1410 1352 1613 1396 nominis
1643 1353 1751 1407 edit,

1148 1425 1461 1483 Praegravida
1492 1424 1711 1467 attollens

1304 1496 1545 1540 fertilitate
1578 1503 1690 1539 sata.

1087 1573 1240 1626 Quam
1255 1570 1385 1624 bene,
1401 1566 1638 1623 Quintilis,
1656 1581 1751 1609 mu-

1219 1640 1329 1684 tasti
1362 1653 1553 1683 nomen:
1586 1637 1752 1681 honori

1150 1714 1376 1763 Caesareo,
1425 1711 1527 1765 Iuli,
1577 1717 1621 1753 te
1674 1709 1752 1766 pia

1379 1797 1519 1825 causa
1553 1782 1690 1824 dedit.

1016 1861 1064 1899 15
1081 1856 1155 1900 Tu
1169 1870 1352 1913 quoque
1361 1853 1551 1898 Sextilis
1564 1868 1753 1897 venera-

1170 1927 1276 1971 bilis
1309 1925 1526 1970 omnibus
1560 1924 1693 1968 annis

1144 1997 1365 2043 Numinis
1422 1996 1623 2053 Augusti
1677 2012 1754 2040 no-

1189 2086 1296 2114 men
1330 2069 1377 2112 in
1409 2083 1532 2111 anno
1562 2067 1693 2111 venis
1707 2069 1751 2123 ¹).

1086 2142 1332 2199 Temporis
1379 2139 1595 2183 autumni
1641 2139 1753 2196 Sep-

1147 2214 1336 2267 tember,
1370 2212 1525 2255 vincte
1557 2210 1752 2253 racemis

1144 2286 1344 2344 †Velate
1380 2282 1515 2340 iam2)
1557 2296 1753 2326 numero

1234 2354 1439 2399 nosceris
1472 2353 1571 2411 ipse
1601 2360 1694 2396 tuo.

1097 2424 1754 2482 Octobm‘laetusportatvinde-

1389 2495 1527 2539 mitor
1559 2510 1693 2550 uvas,

346 2632 372 2676 ¹)
397 2633 527 2666 nomine
557 2635 657 2667 notus
690 2633 757 2667 eris
792 2633 912 2674 Ricsc;
951 2634 1085 2669 nomina
1119 2642 1241 2675 magna
1272 2630 1365 2674 ‚qeris
1401 2628 1600 2669 Baehrens;
1635 2637 1751 2662 nomen

200 2691 234 2724 in
260 2702 319 2724 ora
345 2693 437 2725 venis
467 2690 674 2725 Buecheler.

344 2750 372 2792 2)
400 2750 573 2795 ‘tempora
599 2752 752 2793 maturis,
777 2750 999 2796 September,
1024 2750 1144 2786 vincta
1162 2749 1311 2784 racemis
1329 2746 1340 2792 Η
1357 2747 1428 2782 vela
1447 2749 1578 2791 tegant:
1605 2755 1753 2781 numero

203 2810 360 2844 nosceris
387 2809 465 2854 ipse
491 2809 564 2845 tuo’
591 2809 705 2850 Riese.
