2001 3099
852 173 901 177 ff-
975 150 1024 188 16
1090 173 1143 178 .-

216 286 342 328 chari
376 287 491 329 nihil
535 303 634 330 esse
678 302 780 330 cum
823 288 1024 330 obelisco
1065 303 1091 329 a
1140 287 1251 329 Plin.
1292 290 1349 329 N.
1382 290 1444 331 H.
1476 290 1681 332 XXXVI
1723 291 1775 329 68

216 366 578 402 commemorato
638 374 911 415 persuasum
973 359 1134 411 habeo,
1195 360 1316 401 sicut
1376 358 1517 402 etiam
1572 358 1776 401 Henrico

217 432 421 484 ssrunn1)
471 437 542 473 est
589 430 760 473 visum.
824 431 902 472 sed
953 431 1048 473 veri
1099 437 1170 472 est
1218 428 1368 472 simile
1420 436 1606 485 poetam
1656 431 1777 472 hanc

214 502 494 544 sententiam
529 501 717 544 aliunde
755 502 979 544 hausisse.
1045 516 1154 544 nam
1195 500 1458 543 Ausonium
1498 500 1544 543 in
1585 500 1657 543 his
1696 502 1776 543 du-

214 572 330 614 obus
372 573 584 616 versibus
628 572 818 615 omnino
852 574 909 615 ad
954 580 1191 615 auctorem
1234 573 1467 628 quendam
1505 573 1694 614 doctum
1727 587 1776 615 se

214 643 521 699 applicavisse
562 643 675 687 satis
707 645 913 687 indicare
958 644 1072 686 mihi
1112 644 1333 687 videntur
1373 644 1514 686 verba
1552 643 1617 686 rei
1656 657 1774 685 com-

211 715 483 758 modissima
533 730 723 772 remque
771 715 948 772 optime
997 714 1296 769 illustrantia,
1353 729 1470 771 quae
1515 714 1774 757 Ausonium

211 785 365 841 ipsum
409 785 608 842 elegisse
649 787 727 830 vix
767 786 850 829 tibi
891 787 1185 843 persuadeas.
1248 787 1363 828 haec
1396 786 1536 828 verba
1570 799 1663 828 non
1709 784 1773 827 in-

212 857 343 900 venit
380 858 503 914 apud
546 859 759 912 Plinium,
794 859 872 914 qui
913 857 1179 911 obeliscum,
1223 873 1314 899 non
1355 857 1645 913 pyramidem
1683 871 1774 899 me-

210 935 373 972 morat.
438 944 590 985 neque
629 929 769 972 etiam
806 930 902 972 veri
945 936 1015 972 est
1054 929 1205 971 simile
1245 929 1508 971 Ausonium
1547 928 1635 970 hoc
1672 928 1772 970 loco

211 1015 268 1042 ex
291 1001 514 1043 Varronis
548 1001 919 1043 hebdomadibus
954 1002 1168 1057 pendere,
1203 1015 1317 1056 quas
1340 999 1386 1041 in
1412 998 1625 1042 versibus
1647 1013 1773 1055 prae-

211 1071 431 1114 euntibus
465 1070 690 1126 adhibuit,
725 1087 829 1114 cum
864 1072 1059 1115 Varroni
1096 1078 1217 1114 certe
1250 1070 1297 1113 in
1332 1069 1773 1114 commemoratione

214 1141 476 1185 Dinocratis
510 1158 649 1185 causa
673 1158 766 1186 non
793 1151 925 1197 esset,
960 1159 1040 1186 cur
1062 1143 1328 1199 pyramides
1352 1141 1619 1198 attingeret.
1654 1156 1772 1198 quae

211 1228 316 1255 cum
349 1212 414 1257 ita
447 1215 552 1269 sint,
592 1214 794 1271 suspicio
835 1222 904 1257 est
942 1222 1129 1271 poetam
1163 1213 1302 1256 etiam
1338 1214 1480 1256 alium
1513 1214 1691 1256 fontem
1723 1212 1770 1255 in

209 1285 282 1327 his
315 1285 498 1328 duobus
528 1287 741 1329 versibus
774 1287 1044 1343 respexisse,
1078 1287 1157 1328 sed
1191 1285 1383 1328 difficile
1416 1292 1486 1328 est
1518 1286 1644 1327 hunc
1675 1285 1771 1326 fon-

211 1362 303 1398 tem
336 1355 574 1412 indagare.
630 1372 737 1399 nam
772 1372 1055 1414 quamquam
1091 1358 1352 1413 complures
1381 1355 1626 1412 scriptores
1649 1362 1771 1411 post-

209 1426 409 1470 eriorum
445 1435 707 1484 temporum
743 1430 799 1471 de
821 1429 1060 1485 pyramide
1086 1429 1252 1471 eadem·
1272 1429 1345 1470 vel
1369 1426 1606 1471 simillima
1628 1431 1768 1473 verba

208 1499 429 1554 faciunt2)
464 1507 602 1556 atque
638 1500 885 1554 Ausonius,
926 1515 1031 1543 cum
1065 1500 1205 1542 simul
1239 1501 1355 1542 alter
1387 1500 1443 1542 ab
1483 1500 1628 1543 altero
1661 1516 1769 1557 pen-

208 1570 326 1624 deat,
366 1577 521 1613 tamen
562 1572 615 1613 ad
658 1573 835 1614 fontem
876 1586 1170 1614 communem
1211 1570 1291 1614 vix
1330 1571 1562 1627 penetrari
1602 1578 1766 1628 potest.

208 1641 286 1684 sed
321 1649 372 1683 ut
405 1641 502 1698 ipse
536 1641 723 1697 iudices,
757 1643 918 1686 videas
952 1644 1036 1685 hos
1071 1644 1194 1685 locos
1227 1643 1349 1685 inter
1381 1657 1431 1684 se
1464 1650 1707 1698 cognatos:

349 1725 517 1768 Soliu.
558 1729 627 1779 32,
662 1730 735 1768 44:
762 1727 1020 1782 pyramides
1055 1730 1202 1768 turres
1233 1730 1344 1767 szmt
1358 1726 1615 1781 sastz'gatac
1646 1729 1767 1769 ultra

208 1798 511 1839 excelsitatem
535 1812 706 1840 omnem
732 1813 843 1854 quae
862 1799 965 1840 ffcrz'
982 1813 1121 1839 mmm
1136 1798 1299 1853 possit:
1330 1796 1487 1853 itaque
1511 1813 1765 1840 mensuram

207 1869 467 1910 mnbmmam
501 1883 700 1924 egressae
733 1870 886 1911 mettas
919 1870 1083 1910 habent
1113 1869 1308 1910 umbras.

351 1952 544 1995 Isidor.
586 1951 700 2007 orig.
737 1954 825 1996 XV
860 1956 920 2005 11,
955 1956 996 1994 4:
1024 1952 1286 2008 pyramides
1321 1966 1472 2007 genus
1503 1952 1766 2008 sepulchro-

207 2036 307 2064 rum
353 2024 631 2078 quadratum
677 2031 722 2066 et
747 2025 1049 2079 fastlg‘z'atmlt
1089 2025 1211 2065 ultra
1252 2039 1423 2065 omnem
1466 2024 1762 2066 excelsitatem

208 2095 444 2149 (Juacficrz'
462 2110 599 2136 malm
616 2096 772 2150 possit,
799 2096 923 2137 unde
942 2103 987 2138 et
1012 2110 1267 2137 lllcllszcl‘alll
1287 2095 1546 2136 umbrarum
1567 2110 1764 2151 egressae

208 2166 385 2207 nullam
438 2167 598 2209 habere
646 2167 848 2208 umbram
904 2166 1136 2210 dicuntur.
1217 2166 1296 2208 tali
1347 2172 1505 2208 autem
1552 2165 1764 2209 aedificio

207 2244 422 2292 surgunt,
456 2244 509 2280 ut
542 2253 566 2280 a
600 2239 695 2280 lato
728 2237 957 2294 incipiant
990 2245 1036 2280 et
1069 2237 1113 2279 in
1149 2244 1353 2293 angusto
1386 2236 1610 2280 finiantur
1643 2237 1762 2280 sicut

206 2308 346 2364 igni53
380 2314 463 2362 πῦρ
498 2309 621 2351 enim
656 2308 825 2352 dicitur
858 2308 995 2365 ignis.
1038 2309 1122 2351 hos
1156 2310 1401 2364 Aegyptus
1435 2309 1588 2351 habet.

349 2392 612 2435 Ammian.
678 2394 819 2434 XXII
871 2395 933 2446 15,
974 2395 1047 2434 28:
1116 2392 1264 2434 multa
1309 2391 1354 2433 in
1400 2390 1491 2434 illis
1537 2390 1761 2433 tractibus

206 2461 407 2518 pretium
447 2470 516 2505 est
555 2478 720 2519 operae
760 2479 812 2506 ac
852 2463 1057 2506 maxima
1097 2477 1299 2516 cernere3
1349 2477 1373 2505 e
1407 2462 1574 2518 quibus
1612 2476 1759 2517 pauca

206 2532 453 2576 conveniet
493 2533 726 2590 explicari.
795 2535 967 2590 templa
1007 2534 1179 2590 ubique
1221 2533 1423 2576 molibus
1461 2531 1646 2588 magnis
1686 2547 1760 2574 ex-

205 2611 380 2647 structa
406 2639 413 2648 .
435 2641 442 2648 .,
465 2640 472 2648 .
490 2607 747 2661 pyramides
766 2607 820 2648 ad
841 2606 1063 2648 miracula
1082 2612 1260 2661 septem
1279 2610 1538 2661 provectae,
1560 2617 1755 2660 quarum

351 2748 378 2791 ¹)
406 2748 426 2782 l.
447 2759 474 2782 c.
494 2747 519 2782 ll
539 2758 572 2792 p,
591 2747 669 2783 353.

349 2808 376 2849 2)
405 2807 445 2841 cl.
466 2807 505 2842 C.
526 2807 659 2842 Hosius
679 2808 699 2841 l.
720 2818 747 2842 c.
768 2818 799 2851 p.
820 2808 865 2842 «556
884 2808 927 2842 ad
947 2819 976 2843 ν.
999 2808 1066 2843 312
1086 2819 1137 2851 ει]4
