2001 3099
853 105 1141 142 -55,ἡ

224 257 337 285 mus.
399 256 550 298 neque
582 257 692 285 vero
724 241 818 284 scio
857 256 915 284 an
948 241 1183 284 Ausonius
1225 241 1364 285 etiam
1402 243 1530 285 illam
1570 243 1768 298 elegiam

223 313 407 357 Solonis
441 314 509 367 (fr.
534 316 588 355 27
613 313 798 368 Bergk),
831 326 949 369 quae
982 319 1052 355 est
1083 313 1140 355 de
1164 312 1261 356 vita
1294 314 1497 356 hominis
1530 314 1575 355 in
1610 314 1766 356 decem

222 383 533 426 hebdomades
547 382 797 426 dividenda
821 397 971 439 neque
982 383 1229 426 minimum
1244 383 1534 426 auctoritatis
1551 383 1769 427 habuisse

224 452 407 497 videtur
439 454 561 510 apud
593 454 765 496 multos
799 454 1002 496 Graecos
1042 461 1088 496 et
1122 456 1360 496 Romanos
1394 453 1651 510 scriptores,
1690 455 1769 497 im-

220 522 381 580 primis
403 525 525 580 apud
548 524 850 580 philosophos
874 531 919 567 et
942 524 1199 580 medicos,¹)
1228 523 1326 580 ipse
1350 525 1517 580 legerit
1540 532 1586 568 et
1608 524 1653 568 in
1679 525 1768 568 illis

221 595 401 637 duobus
441 595 652 638 versibus
701 595 1032 651 componendis
1081 594 1167 639 viri
1215 594 1549 652 sapientissimi
1586 595 1768 640 Solonis

221 664 400 721 elegiae
432 680 593 709 versus
625 665 819 722 primos:

359 742 454 783 παῖς
484 738 560 792 μὲν
593 739 748 792 ἄνηβος
780 739 861 780 ἐὼν
893 740 947 780 ἔτι
982 739 1126 792 νήπιος
1158 740 1281 792 ἕρκος
1313 738 1499 780 ὀδόντων

360 809 502 862 φύσας
533 808 719 863 ἐκβάλλει
750 813 919 862 πρῶτον
953 811 995 850 ἒν
1028 803 1113 849 ἕπτ)
1146 811 1289 852 ἔτεσιν·

360 879 454 925 τοὺς
487 872 524 920 δ’
548 881 710 935 ἑτέρους
742 881 807 921 ὅτε
839 880 889 934 δὴ
923 881 1063 933 τελέσῃ
1098 880 1199 926 θεὸς
1230 873 1315 921 ἕπτ’
1349 881 1574 927 ἐνιαυτούς,

360 952 463 1004 ἥβης
494 950 679 1007 ἐκφαίνει
712 952 878 1005 σήματα
910 952 1150 1007 γεινομένης

217 1026 325 1063 ante
364 1020 520 1063 oculos
559 1020 787 1064 habuerit.
852 1020 932 1062 sed
970 1027 1084 1076 puto
1123 1020 1381 1064 litteratum
1423 1035 1653 1078 quemque
1692 1022 1769 1064 ho-

216 1091 390 1133 minem
422 1091 506 1134 has
540 1091 654 1134 duas
687 1091 943 1133 sententias
976 1091 1032 1134 de
1055 1105 1139 1134 suo
1172 1092 1375 1148 proferre
1397 1092 1604 1149 potuisse
1627 1093 1769 1135 maxi-

218 1176 382 1219 meque
414 1161 687 1216 Ausonium,
722 1160 853 1204 cuius
885 1169 1017 1218 pater
1049 1162 1257 1205 medicus
1290 1162 1435 1217 fuit.2)

360 1233 439 1276 sed
463 1233 604 1276 etiam
627 1233 853 1276 nonnulla
871 1233 1099 1276 vocabula
1122 1234 1314 1290 antiqua
1338 1241 1383 1277 et
1405 1234 1626 1289 obsoleta,
1649 1249 1767 1292 quae

218 1306 277 1348 H.
322 1305 378 1347 de
419 1304 464 1347 la
509 1302 630 1348 Ville
672 1305 729 1346 de
773 1303 1040 1358 Mirmont3)
1088 1303 1363 1348 Varroniani
1417 1319 1529 1348 usus
1581 1306 1768 1363 propria

215 1390 314 1418 esse
347 1375 524 1429 statuit,
557 1373 603 1417 in
628 1373 823 1417 Ausonii
857 1374 1092 1432 opusculis
1126 1375 1334 1432 dispersa
1368 1377 1603 1432 leguntur.
1657 1384 1769 1420 sunt

214 1454 369 1489 autem
395 1446 529 1488 haec:
571 1450 801 1501 caperrata
833 1447 1005 1488 Auson.
1031 1460 1070 1502 p.
1099 1449 1191 1500 198,
1224 1449 1279 1489 39
1306 1449 1348 1490 P.
1384 1448 1438 1491 cf.
1464 1448 1610 1491 Varro
1643 1449 1765 1504 apud

214 1520 332 1560 Non.
357 1520 394 1571 9,
427 1520 471 1570 2;
506 1523 652 1573 pavus
684 1517 857 1562 Auson.
884 1520 979 1571 269,
1018 1521 1081 1561 10.
1118 1520 1216 1571 340,
1251 1521 1274 1559 4
1302 1520 1348 1561 Ρ.
1384 1518 1439 1561 cf.
1463 1519 1609 1562 Varro
1642 1519 1764 1575 apud

215 1588 330 1631 Geli.
354 1589 420 1631 VI
449 1591 512 1641 16,
545 1590 588 1642 5;
614 1588 802 1644 penitus
825 1589 996 1631 Ausou
1020 1603 1063 1645 p.
1088 1591 1171 1631 322
1197 1588 1376 1644 (XXXI
1407 1592 1443 1640 1)
1467 1591 1513 1632 P.
1539 1589 1593 1632 cf.
1618 1591 1766 1633 Varro

213 1659 335 1715 apud
370 1661 492 1702 Non.
517 1661 613 1711 217,
650 1661 718 1712 16;
757 1674 881 1701 secus
914 1660 1085 1702 Auson.
1117 1674 1158 1715 p.
1185 1662 1282 1713 200,
1316 1662 1351 1702 8.
1391 1663 1482 1712 164,
1517 1663 1585 1703 26.
1620 1663 1716 1714 341,
1741 1665 1765 1704 6

215 1733 260 1774 Ρ.
285 1731 339 1772 cf.
363 1731 508 1773 Varro
542 1730 665 1786 apud
700 1729 910 1774 Ge11.111
940 1733 1001 1784 10,
1035 1734 1074 1774 7.
1129 1729 1297 1786 quibus
1329 1730 1544 1786 quamvis
1573 1729 1766 1774 nimiam

213 1801 308 1845 vim
344 1800 543 1843 tribuere
576 1800 732 1855 nolim,
767 1807 923 1843 tamen
957 1816 1013 1844 ex
1046 1800 1118 1843 his
1151 1800 1366 1843 omnibus
1399 1800 1582 1845 indiciis
1616 1803 1767 1846 elucet

213 1870 474 1914 Ausonium
505 1871 646 1914 1ibros
679 1870 995 1916 Varronianos
1028 1873 1171 1928 probe
1205 1871 1400 1915 novisse.

212 1964 358 1999 quoque
401 1954 489 1989 locis
531 1955 808 2000 technopaegnii
850 1954 952 1989 Plinii
992 1955 1198 1990 Naturalem
1237 1954 1431 1991 Historiam
1470 1956 1665 2001 respexerit
1707 1957 1765 2002 (cf.

211 2013 251 2050 C.
272 2013 407 2049 Hosius
436 2013 456 2048 l.
477 2023 504 2048 c.
533 2023 566 2058 p.
589 2013 631 2048 18
657 2013 737 2048 adn.
761 2013 804 2057 1).

356 2073 382 2115 1)
408 2071 450 2107 ci.
466 2071 702 2117 Hippocrates
720 2073 815 2118 apud
835 2072 972 2107 Philon.
988 2074 1033 2108 de
1049 2074 1170 2108 mundi
1187 2073 1302 2118 opific.
1313 2074 1358 2109 36
1378 2074 1412 2109 et
1426 2074 1520 2119 apud
1536 2074 1668 2110 Polluc.
1687 2074 1713 2109 11
1735 2075 1763 2117 1,

211 2132 357 2177 Hippon
383 2131 655 2177 Metapontinus
687 2133 764 2167 sive
798 2132 939 2167 Samius
970 2132 1065 2177 apud
1093 2131 1332 2168 Censorinum
1360 2133 1391 2175 7,
1412 2133 1432 2167 2
1464 2133 1678 2176 (Varronem
1707 2144 1764 2169 ex-

210 2191 449 2234 scribentem),
476 2190 688 2226 Aristoteles
715 2191 788 2226 Pol.
808 2190 868 2226 VII
899 2191 951 2232 14,
981 2192 1018 2225 11
1050 2192 1083 2226 et
1113 2191 1164 2233 15,
1196 2192 1255 2233 11;
1288 2192 1381 2227 idem
1410 2193 1481 2227 hist
1519 2202 1574 2227 an.
1603 2192 1634 2227 V
1664 2192 1716 2235 14,
1743 2193 1763 2228 2

211 2251 245 2285 ct
259 2249 319 2285 VII
342 2250 377 2291 1;
404 2250 499 2284 idem
518 2250 605 2284 rhet.
625 2249 651 2284 II
674 2250 726 2291 14,
754 2250 864 2285 Varro
883 2250 978 2295 apud
997 2249 1155 2285 Gellium
1183 2251 1203 2284 l.
1225 2261 1266 2292 c.,
1294 2250 1429 2286 Plinius
1448 2251 1469 2286 l.
1485 2262 1512 2286 c.
1533 2252 1639 2286 etiam
1659 2252 1763 2287 Nico-

209 2309 358 2344 machus
385 2308 592 2344 Gerasenus
618 2319 651 2354 p.
671 2309 728 2350 49,
747 2308 768 2344 5
787 2319 842 2354 sq.
875 2310 941 2344 Ast
961 2312 996 2344 et
1013 2309 1216 2345 Macrobius
1242 2311 1278 2345 in
1297 2309 1418 2346 Somn.
1439 2309 1533 2355 Scipi
1555 2311 1564 2345 1
1584 2311 1615 2352 6,
1636 2311 1680 2346 70
1698 2322 1764 2356 sq,

211 2369 271 2412 qui
303 2368 376 2403 duo
408 2367 560 2402 eandem
594 2367 791 2403 doctrinam
818 2368 954 2404 Dioclis
980 2368 1133 2414 Carystii
1160 2372 1195 2404 et
1220 2368 1395 2405 Stratonis
1422 2369 1653 2414 Lampsaceni
1679 2371 1766 2406 alter

209 2436 347 2471 graece,
386 2426 472 2462 alter
503 2426 612 2461 latine
645 2426 799 2468 tradunt,
838 2427 881 2462 ad
914 2426 1058 2462 Solonis
1091 2428 1244 2474 elegiam
1277 2429 1450 2464 referendi
1483 2429 1647 2464 videntur
1673 2439 1763 2467 esse.

209 2486 292 2521 vide
324 2485 375 2521 W.
404 2485 447 2520 H.
475 2485 644 2527 Roscher,
684 2485 752 2521 Die
779 2485 1168 2522 Hebdomadenlehren
1201 2487 1264 2523 der
1294 2488 1428 2533 griecli.
1457 2487 1702 2533 Philosophen
1729 2499 1761 2524 u-

206 2545 352 2587 Acrzte,
379 2544 511 2580 Abhdl.
539 2544 601 2579 der
627 2543 751 2580 Sachs.
779 2545 1023 2581 Gesellschait
1049 2545 1110 2581 der
1127 2545 1433 2581 wissenschaften
1452 2546 1560 2581 XXIV
1579 2547 1698 2591 (1906)
1717 2547 1763 2583 V1

209 2614 243 2648 p.
264 2604 306 2639 14
332 2614 411 2648 sqq.
439 2603 485 2639 90
510 2614 591 2648 sqq.
621 2603 697 2639 150.

351 2663 377 2706 2)
404 2662 447 2698 ci.
476 2663 583 2707 praei.
607 2663 620 2697 1
651 2673 684 2698 ν.
708 2663 749 2698 13
776 2665 825 2708 (p.
848 2664 860 2698 1
892 2663 957 2708 Pl).

353 2722 379 2765 ³)
406 2721 451 2756 de
478 2721 629 2757 Ausonii
656 2721 823 2765 Mosella,
850 2723 991 2758 Parisiis
1020 2722 1108 2758 1892
1134 2733 1167 2768 p.
1190 2723 1264 2758 148.
