2001 3099
848 125 1140 164 -24-

358 263 521 307 Flavia
555 278 684 320 gens,
718 270 948 320 quantum
982 264 1065 306 tibi
1100 265 1264 309 tertius
1297 267 1494 311 abstulit
1524 268 1677 312 heres!

498 350 648 391 paene
679 335 770 379 fuit
803 334 922 378 tanti
956 349 1050 377 non
1085 336 1304 381 habuisse
1337 338 1454 382 duos

214 406 477 449 Ausonium
516 412 695 450 tetrast.
731 410 785 449 49
809 421 906 463 sqq.
931 410 993 465 (p,
1023 410 1103 451 190
1129 408 1189 465 P.)
1222 424 1323 452 esse
1362 409 1599 454 imitatum
1631 409 1775 455 mani-

214 479 385 520 festum
420 485 502 522 est.
535 477 738 535 denique
770 486 967 524 monost.
998 497 1039 525 v.
1070 484 1115 522 ll
1144 480 1202 537 (p.
1232 483 1311 522 184
1338 483 1414 535 P.),
1446 481 1525 524 ubi
1550 483 1675 524 Nero
1708 482 1775 524 ul-

215 549 355 591 timus
392 550 663 591 Aeneadum
710 549 991 606 nominatur,
1041 552 1376 608 grammaticus
1425 552 1775 609 Burdigalensis

214 620 271 662 de
304 621 491 662 oraculo
522 619 765 675 Sibyllino,
799 622 921 677 quod
955 637 1061 665 curn
1104 622 1266 665 urbem
1296 625 1497 666 Romam
1529 623 1643 666 illud
1681 638 1777 666 ma-

215 705 364 746 gnum
396 691 667 735 incendium
691 693 1015 736 Neronianum
1049 700 1252 748 vexaret,
1285 693 1333 736 in
1366 710 1444 737 ore
1476 694 1603 749 vulgi
1633 693 1776 737 fuisse

214 763 360 805 fertur
382 770 429 805 et
451 762 585 806 nobis
608 779 635 806 a
654 763 812 807 Cassio
832 765 984 807 Dione
1004 767 1139 812 LXII
1169 768 1218 807 18
1243 772 1314 808 est
1336 766 1560 809 traditum
1585 768 1778 821 (ἔσχατος

214 835 450 877 Αἰνεαόῶν
476 836 769 890 μητροκτόνος
798 838 1102 892 ἡγεμονεύσει),
1138 835 1468 894 cogitaverit.¹)
1509 838 1587 880 Sed
1619 852 1777 880 conce-

215 906 422 948 dendum
461 913 532 949 est
570 907 686 949 tales
725 908 850 950 locos
890 908 1023 964 quasi
1065 923 1149 951 sua
1188 915 1355 964 sponte
1393 909 1441 950 in
1480 915 1647 965 poetae
1684 909 1779 951 ani—

216 991 344 1019 mum
386 976 584 1020 influere
632 977 851 1034 potuisse.
916 994 1066 1035 neque
1113 994 1223 1022 vero
1271 978 1484 1035 pluribus
1532 979 1645 1022 locis
1692 994 1777 1022 nos

216 1048 535 1091 demonstrare
580 1064 717 1105 posse
755 1049 1016 1093 Ausonium
1064 1066 1089 1093 a
1129 1049 1357 1094 Suetonio
1396 1051 1598 1107 pendere
1638 1066 1692 1093 ea
1729 1065 1777 1093 re

214 1118 517 1175 intellegitur,
559 1121 683 1176 quod
722 1127 862 1178 poeta
906 1121 954 1164 in
994 1121 1266 1164 universum
1305 1121 1493 1165 nonnisi
1533 1123 1777 1178 vulgarem

216 1190 476 1233 doctrinam
507 1191 711 1247 praebet,
744 1206 849 1235 cum
879 1193 1038 1235 multis
1060 1192 1400 1248 praetermissis
1424 1207 1658 1236 summam
1682 1199 1780 1236 tan-

217 1269 317 1304 tum
340 1277 495 1304 rerum
517 1263 784 1319 respexerit.
833 1265 912 1306 sed
938 1264 1052 1307 haec
1070 1265 1322 1320 conspicua
1338 1264 1543 1307 brevitas
1561 1265 1662 1321 ipsa
1679 1279 1780 1321 pro-

216 1334 317 1389 pria
356 1348 456 1376 esse
490 1332 677 1377 videtur
711 1334 916 1377 Ausonii.
982 1350 1090 1378 narn
1134 1344 1347 1391 apertum
1382 1342 1452 1378 est
1484 1350 1591 1378 eum
1624 1334 1672 1378 in
1706 1335 1779 1378 his

217 1404 428 1449 versibus
476 1405 694 1449 brevitati
745 1408 949 1450 maxime
998 1422 1185 1463 operam
1229 1407 1424 1460 dedisse,
1473 1408 1595 1450 sicut
1639 1406 1780 1450 etiam

219 1476 442 1520 Paulinus
476 1477 732 1534 discipulus
767 1477 864 1521 eius
899 1478 944 1520 in
980 1478 1072 1521 illis
1096 1478 1320 1533 versibus,
1354 1479 1401 1521 in
1427 1494 1541 1535 quos
1565 1479 1779 1523 Suetonii

215 1550 368 1603 libros,
402 1548 479 1605 qui
503 1550 694 1593 fuerunt
716 1551 773 1592 de
796 1551 1000 1606 regibus,
1035 1549 1296 1593 Ausonium
1326 1551 1590 1593 aemulatus
1614 1551 1780 1607 coegit,

216 1620 263 1662 in
287 1620 519 1664 brevitate
541 1620 726 1663 dicendi
752 1636 910 1664 curam
935 1629 981 1664 et
1005 1621 1302 1677 diligentiam
1327 1611 1553 1676 adhibuit,
1586 1621 1632 1664 id
1656 1623 1779 1678 quod

217 1692 455 1734 Ausonius
494 1692 594 1748 ipse
632 1691 975 1749 praedicavit2).
1040 1693 1233 1749 ingenio
1271 1700 1430 1735 autem
1468 1693 1609 1736 huius
1652 1709 1781 1736 sene-

217 1762 389 1806 scentis
412 1763 586 1806 saeculi
605 1763 836 1819 congruit,
860 1765 983 1820 quod
1004 1771 1099 1807 tam
1119 1763 1262 1807 exiles
1282 1763 1514 1821 epitomae
1530 1764 1780 1807 lectoribus

217 1842 263 1878 et
294 1834 445 1891 poetis
478 1833 591 1891 ipsis
625 1834 737 1878 satis
770 1834 1018 1878 faciebant.
1069 1842 1275 1878 ceterum
1309 1842 1675 1878 consentaneum
1711 1843 1781 1879 est

218 1905 479 1949 Ausonium
509 1907 747 1960 nonnulla,
781 1921 900 1962 quae
923 1921 1084 1949 omnes
1108 1905 1320 1949 homines
1343 1905 1536 1949 litterati
1560 1905 1780 1961 sciebant,

217 1979 274 2020 de
296 1992 381 2021 suo
404 1978 572 2020 addere
595 1978 815 2033 potuisse.
863 1978 1033 2034 itaque,
1063 1978 1278 2034 quamvis
1302 1978 1417 2020 haec
1440 1977 1781 2034 epigrammata

218 2050 319 2105 ipsa
352 2048 466 2091 nihil
502 2049 595 2092 fere
629 2048 754 2091 aliud
791 2064 873 2091 nos
908 2049 1106 2092 doceant
1139 2049 1228 2091 nisi
1262 2048 1525 2092 Ausonium
1559 2049 1777 2093 brevitati

218 2122 291 2164 vel
332 2119 550 2163 tenuitati
591 2119 819 2174 serviisse,
865 2127 1021 2163 tamen
1066 2136 1123 2163 ex
1169 2121 1345 2163 eisdem
1384 2127 1430 2163 et
1470 2136 1527 2163 ex
1569 2121 1780 2164 versibus

221 2190 400 2234 Paulini
434 2198 626 2248 apparet
659 2192 936 2235 Suetonium
969 2198 1136 2248 poetae
1169 2192 1225 2234 ad
1259 2206 1451 2234 manum
1484 2190 1641 2235 fuisse.

363 2289 388 2332 ¹)
415 2288 699 2323 consentaneum
731 2290 786 2322 est
817 2287 1020 2322 Ausonium
1055 2288 1299 2333 cognitionem
1334 2287 1430 2322 illius
1465 2287 1597 2322 oraculi
1630 2298 1702 2323 non
1738 2298 1782 2323 ex

218 2347 346 2384 Cassio
373 2347 503 2389 Dione,
529 2346 594 2382 sed
621 2346 766 2382 aliunde
794 2347 976 2382 habuisse.

362 2407 390 2449 2)
418 2416 474 2451 ep.
493 2405 597 2441 XXIII
615 2408 662 2451 (p.
679 2406 748 2441 267
763 2406 814 2450 Ρ.)
833 2406 878 2441 ad
896 2406 1101 2441 Paulinum:
1122 2406 1189 2441 ‘his
1208 2406 1318 2452 longe
1337 2407 1633 2442 iucundissimum
1652 2416 1782 2452 poema

218 2466 442 2507 subdideras,
475 2465 573 2510 quod
605 2465 650 2500 de
677 2465 788 2501 tribus
815 2465 979 2501 Suetonii
1006 2466 1116 2507 libris,
1149 2475 1242 2510 quos
1275 2465 1334 2500 ille
1366 2465 1411 2500 de
1437 2465 1584 2511 regibus
1610 2465 1719 2511 dedit,
1746 2468 1781 2501 in

218 2526 401 2570 epitomen
432 2526 584 2571 coegisti
617 2527 713 2560 tanta
747 2525 938 2570 elegantia,
970 2525 1072 2560 solus
1103 2527 1141 2560 ut
1168 2523 1253 2560 mihi
1281 2524 1425 2560 videare
1451 2525 1656 2567 adsecutus,
1683 2526 1781 2570 quod

219 2586 339 2620 contra
376 2594 491 2619 rerum
525 2587 686 2619 naturam
719 2585 785 2625 est.
818 2585 975 2620 brevitas
1008 2585 1045 2619 ut
1077 2584 1229 2619 obscura
1265 2594 1337 2619 non
1371 2584 1489 2619 essetf
1542 2587 1699 2620 ceterum
1737 2584 1780 2619 cf.

219 2653 311 2688 quae
337 2644 382 2678 de
409 2643 545 2678 Paulini
572 2643 737 2678 versibus
764 2644 816 2678 Fr.
845 2643 1028 2683 Rabenald
1055 2643 1075 2677 l.
1097 2653 1123 2678 c.
1144 2653 1176 2688 p.
1200 2643 1266 2678 120
1284 2654 1362 2687 sqq.
1391 2643 1567 2678 disseruit.
