2001 3099
861 112 1153 150 ..40-

306 289 308 291 .
369 256 416 291 at
456 250 577 305 quod
622 251 671 291 A.
714 250 856 291 Hahn
906 249 1215 292 Censorinum
1263 267 1298 293 c.
1346 255 1394 293 13
1436 251 1608 307 pariter
1653 260 1792 309 atque

229 321 382 375 capita
417 320 744 363 antecedentia
778 336 802 363 e
837 320 1060 364 Varronis
1093 320 1345 364 Tuberone
1379 323 1634 379 sumpsisse
1665 331 1793 367 ratus

228 392 368 434 verba
404 391 550 442 Probi,
591 392 669 447 qui
705 391 886 445 dicitur,
928 392 985 434 ad
1019 391 1196 448 Vergil.
1232 394 1310 435 661.
1335 395 1400 437 VI
1436 397 1483 436 31
1525 395 1678 437 affert:
1724 395 1793 438 ‘ad

227 477 365 517 quam
401 462 660 518 imaginem
686 465 834 507 Varro
859 463 1038 505 mundo
1063 478 1205 506 ovum
1231 465 1520 521 comparavit
1542 465 1587 508 in
1612 465 1796 519 logisto-

227 533 331 585 rico,
366 533 443 589 qui
478 533 749 577 inscribitur
773 533 962 576 Tubero
987 535 1044 576 de
1067 533 1252 590 origine
1276 536 1493 590 humana,
1528 536 1592 579 sic
1615 538 1792 580 dicens:

229 605 407 647 caeluni
454 612 508 647 ut
555 612 687 659 testa,
736 605 848 648 item
897 605 1111 648 vitellum
1158 613 1210 649 ut
1251 613 1381 661 terra,
1421 608 1540 650 inter
1585 607 1664 650 illa
1703 609 1795 650 duo

230 676 397 718 humor
429 677 562 733 quasi
597 678 725 732 ἰκμὰς
756 677 967 719 inclusus
1001 692 1089 731 aer,
1123 676 1170 719 in
1196 692 1288 734 quo
1312 679 1447 721 calor’
1481 685 1622 735 atquc
1645 680 1795 721 6Χ111>ι

229 747 384 790 verbis
425 747 607 804 colligit
639 750 899 792 Varronem
941 748 988 790 in
1021 747 1272 791 Tuberone
1311 748 1523 806 pluribus
1557 751 1710 793 verbis
1751 758 1795 792 et

228 821 284 861 de
320 820 496 862 mundo
530 827 577 862 et
610 820 667 862 de
700 820 880 862 musica
915 819 1103 862 caelesti
1137 819 1424 875 disseruisse,
1464 821 1618 864 verbis
1663 823 1795 864 Probi

229 889 465 947 personati
491 892 613 934 male
638 891 767 934 abuti
792 889 908 933 mihi
934 890 1130 935 videtur.
1165 892 1288 948 quod
1307 894 1455 936 Varro
1478 891 1525 935 in
1548 892 1798 936 Tuberone

228 977 369 1004 ovum
414 989 464 992 —-
512 961 691 1005 scilicet
730 968 783 1005 ut
824 960 988 1019 quanti
1022 961 1248 1005 momenti
1289 970 1411 1007 esset
1443 978 1584 1007 ovum
1625 963 1797 1007 diceret

230 1040 275 1075 et
313 1032 570 1076 illustraret
616 1059 670 1064 —-
718 1034 896 1076 mundo
937 1033 1238 1090 comparavit,
1277 1033 1321 1076 id
1364 1035 1487 1091 quod
1520 1034 1645 1078 illius
1682 1037 1798 1092 logi-

229 1105 383 1146 storici
441 1111 725 1160 argumento
779 1103 956 1161 optime
1010 1105 1243 1160 convenit,
1293 1106 1402 1149 inde
1449 1108 1657 1162 profecto
1705 1122 1796 1150 non

229 1176 449 1231 sequitur,
493 1183 545 1219 ut
578 1175 750 1219 ibidem
790 1177 847 1219 de
880 1176 1060 1219 musica
1094 1177 1281 1219 caelesti
1316 1177 1417 1233 ipsa
1452 1179 1591 1221 verba
1626 1179 1796 1222 fecerit.

231 1253 435 1289 ceterum
485 1254 537 1290 ut
571 1249 719 1291 Varro
767 1246 828 1290 ibi
880 1262 1024 1291 ovum
1075 1249 1252 1291 mundo
1300 1249 1599 1305 comparavit,
1641 1250 1703 1291 ita
1752 1251 1796 1291 111

232 1318 503 1361 Geouretria
552 1319 782 1361 mundum
832 1335 921 1362 ovo
969 1318 1270 1375 comparavit,
1310 1321 1432 1376 quod
1479 1320 1798 1363 Cassiodorius

232 1390 298 1431 16,
320 1405 416 1445 cap.
430 1393 454 1431 7
474 1390 649 1446 prodit:
670 1391 845 1432 ‘mundi
867 1405 1052 1447 quoque
1072 1391 1275 1446 figuram
1297 1390 1640 1434 curiosissimus
1654 1394 1799 1436 Varro

230 1461 402 1515 longae
451 1461 730 1504 rotunditati
777 1460 823 1503 in
866 1461 1165 1504 Geometriae
1213 1462 1452 1504 volumine
1500 1463 1801 1519 corrrparavit,

232 1533 428 1575 formam
461 1533 608 1589 ipsius
643 1533 701 1575 ad
735 1533 811 1576 ovi
846 1531 1204 1575 similitudinem
1232 1534 1433 1587 trahens,
1468 1535 1587 1589 quod
1624 1535 1668 1576 111
1702 1536 1801 1577 lati-

234 1604 394 1646 tudine
428 1604 615 1660 quidem
651 1605 919 1659 rotundum,
952 1605 1031 1647 sed
1066 1603 1114 1646 in
1149 1603 1448 1660 longitudine
1470 1606 1694 1661 probatur
1727 1607 1802 1648 ob-

232 1675 494 1730 longu1n’.1)
558 1676 672 1718 haec
712 1690 804 1717 non
854 1675 918 1718 ita
959 1676 1168 1731 vulgaris
1209 1677 1443 1718 sententia
1485 1677 1542 1718 ab
1584 1676 1800 1732 Orphicis

233 1762 332 1788 csse
371 1747 482 1789 ficta
526 1746 725 1797 videtur,
766 1746 903 1790 sicuti
946 1746 1164 1801 Achilles,
1210 1747 1340 1790 Arati
1383 1747 1622 1804 interpres,
1668 1749 1801 1791 nobis

234 1817 496 1873 prodi‹lit2):
535 1819 612 1873 τὴν
651 1819 696 1860 δὲ
733 1820 865 1867 τάξιν,
913 1822 961 1872 ἣν
1007 1819 1259 1873 δεδώκαμεν
1310 1824 1388 1861 τῶι
1436 1822 1717 1874 σφαιρώματι,
1764 1822 1803 1862 07

236 1886 428 1945 Ὀρφικοὶ
461 1890 628 1944 λέγουσι
665 1891 975 1945 παραπλησίαν
1015 1885 1121 1932 εἶναι
1152 1895 1215 1944 τῆι
1254 1891 1297 1931 ἒν
1334 1895 1422 1936 τοῖς
1454 1892 1579 1937 ὠιοῖς.
1643 1894 1690 1932 ὃν
1723 1892 1801 1946 γὰρ

234 1963 317 2014 ἔχει
340 1962 465 2014 λόγον
486 1962 531 2002 τὸ
554 1963 745 2014 λὲῑῑυρον
767 1963 810 2003 ἒν
832 1965 911 2003 τῶι
935 1963 1056 2009 (imin,
1079 1966 1230 2003 τοῦτον
1253 1962 1296 2002 ἒν
1313 1966 1386 2003 τῶι
1409 1962 1543 2003 παντὶ
1570 1963 1592 2002 ὁ
1610 1964 1801 2016 οὐρανός,

234 2035 303 2075 καὶ
342 2036 401 2079 ὡς
441 2035 660 2088 ἐξήρτηται
691 2038 768 2075 τοῦ
802 2035 984 2089 offirmato&
1017 2034 1281 2088 κυκλοτερῶς
1320 2035 1343 2074 ὁ
1390 2031 1540 2088 αἰθήρ,
1580 2036 1690 2076 οὕτω
1729 2039 1800 2076 τοῦ

236 2106 431 2160 stantem>
470 2106 493 2146 ὁ
525 2106 646 2159 ὑμήν.
694 2104 798 2147 κατὰ
833 2105 878 2146 δέ
906 2121 1034 2153 τινας)
1067 2105 1207 2159 ἐπειδὴ
1242 2106 1265 2146 ὁ
1299 2105 1480 2158 οὐρανὸς
1510 2106 1581 2146 καὶ
1613 2106 1637 2146 ὁ
1669 2103 1803 2159 αἰθὴρ

235 2178 289 2221 ,τῖς
321 2178 417 2227 ἐστι,
458 2176 559 2229 μετὰ
591 2176 635 2217 δὲ
671 2180 818 2218 τοῦτον
857 2177 880 2217 ὁ
913 2177 1008 2230 ἀήρ,
1044 2177 1158 2219 ἔσται
1191 2177 1232 2217 ἕν
1264 2181 1352 2222 τοῖς
1384 2178 1500 2222 (ι’)ιοῖς
1532 2177 1555 2217 ὁ
1587 2177 1699 2230 ὑμὴν
1730 2182 1802 2218 τοῖν

235 2250 355 2302 ἀέρος
393 2248 512 2298 τάξιν
551 2248 736 2301 ἐπέχων.
796 2249 820 2301 ἡ
855 2247 900 2289 δὲ
938 2247 1064 2301 λευκὴ
1099 2247 1203 2303 σάρξ
1240 2249 1264 2301 ἡ
1298 2248 1340 2289 ἒν
1372 2251 1450 2288 τῶι
1483 2249 1591 2290 ὠιῶι
1625 2248 1696 2289 ἐὰν
1731 2248 1803 2302 τὴν

234 2324 306 2359 τοῦ
340 2321 464 2372 ἀέρος
485 2320 596 2367 τάξιν
618 2318 773 2373 ἑπέχηι,
796 2320 916 2361 ἔσται
939 2320 963 2372 ἡ
998 2318 1168 2364 Mure-og
1199 2323 1277 2360 τοῦ
1310 2320 1418 2360 duo&
1450 2319 1523 2373 τὴν
1553 2323 1629 2360 τοῦ
1652 2320 1804 2364 ’ὕδατος

239 2391 352 2437 τάξιν
384 2391 606 2444 ἐπέχουσα,
640 2389 689 2431 τὸ
722 2390 767 2431 δὲ
800 2389 1025 2431 ἒνόότατον
1057 2390 1128 2431 καὶ
1155 2391 1410 2443 μεσαίτατον
1437 2395 1514 2444 τῆς
1534 2390 1707 2432 λεκίθου
1732 2390 1804 2444 τὴν

237 2463 348 2509 τάξιν
369 2463 464 2515 ἕχον
492 2466 563 2515 τῆς
586 2466 670 2515 γῆς.
703 2462 740 2502 εἰ
761 2461 805 2502 δὲ
835 2462 969 2514 ὑμένα
993 2461 1067 2503 τὸν
1096 2460 1141 2503 ἐν
1170 2465 1247 2503 τῶι
1276 2462 1383 2502 ὠιῶι
1415 2461 1501 2502 ἀντὶ
1529 2465 1607 2503 τοῦ
1630 2462 1803 2515 αἰθέρος

386 2640 410 2679 ¹)
438 2639 471 2673 F.
492 2639 708 2678 Ritschelius
735 2642 874 2683 (opusc.
897 2638 1024 2673 111397
1053 2640 1087 2673 in
1115 2638 1365 2682 adnotatione]
1394 2638 1568 2673 mundum
1603 2638 1708 2672 huius
1737 2638 1802 2672 loci

240 2699 328 2733 falso
355 2699 468 2733 solam
496 2699 659 2733 tellurem
687 2699 908 2743 interpretari
936 2698 1022 2732 11111ιί
1050 2698 1200 2733 videtur.

383 2771 411 2812 2)
440 2780 472 2814 p.
483 2770 528 2805 33
539 2770 592 2805 ed.
605 2769 641 2805 E.
653 2770 771 2812 Maass,
780 2769 1127 2805 Commentariorum
1140 2771 1173 2803 in
1183 2769 1329 2804 Aratum
1343 2769 1524 2813 reliquiae,
1534 2768 1688 2804 Berolini
1705 2768 1801 2803 1898<
