2001 3099
813 123 982 161 „23
1054 146 1101 149 „a

254 262 450 304 Auson.
485 268 680 303 monost.
716 276 757 302 v.
799 264 847 301 17
1130 260 1348 303 Sueton.
1385 263 1515 303 Doni.
1546 265 1593 303 18

424 333 484 387 (p.
514 334 592 373 184
621 333 679 381 P.)

591 408 778 444 secutus
994 408 1155 457 postea
1179 402 1367 444 calvitio
1387 417 1569 458 quoque
1591 403 1733 445 defor-

184 472 322 515 frater
369 487 505 528 quem
555 472 752 515 Calvum
801 471 919 515 dixit
993 471 1080 514 mis
1103 473 1181 527 (sc.
1210 471 1299 514 fuit
1323 473 1639 523 Domitianus)
1663 508 1668 516 .
1694 509 1700 515 .
1727 509 1733 515 .

241 556 323 584 sua
360 545 508 584 Roma
531 545 776 586 Neronem.
994 541 1181 585 calvitio
1215 542 1279 585 ita
1313 544 1648 592 offendebatur,
1684 552 1733 586 ut

993 614 1039 655 in
1089 613 1419 656 contumeliam
1470 629 1600 656 snam
1648 622 1733 656 tra-

993 685 1134 738 heret,
1183 684 1219 726 si
1269 685 1341 727 cui
1391 685 1468 726 alii
1517 685 1616 727 ioco
1664 689 1731 727 vel

992 755 1146 811 iurgio
1180 754 1500 798 obiectaretur.

1157 839 1397 881 Iuvenal.
1434 840 1499 882 1V
1523 841 1576 880 38

993 923 1096 952 cum
1119 943 1126 950 .
1148 942 1154 950 .
1174 942 1182 951 .
1207 909 1340 951 calvo
1364 909 1559 951 serviret
1585 911 1732 952 Roma

1052 978 1237 1022 Neroni.

321 1065 470 1106 neque
503 1065 612 1093 vero
645 1051 793 1093 solum
817 1049 1030 1094 Suetonii
1056 1050 1304 1093 Caesarum
1334 1050 1473 1093 libros
1498 1051 1732 1093 Ausonius

179 1122 235 1164 ad
275 1121 360 1164 hos
400 1136 560 1164 versus
600 1122 946 1177 componendos
985 1121 1199 1177 inspexit,
1240 1121 1319 1163 sed
1359 1121 1499 1164 etiam
1534 1121 1730 1165 Cornelii

179 1192 331 1235 Taciti
365 1191 581 1235 historias
614 1193 742 1248 legit,
775 1193 820 1235 id
854 1193 975 1249 quod
1010 1207 1066 1235 ex
1099 1192 1171 1234 his
1203 1192 1315 1235 locis
1350 1195 1671 1247 cognoscitur:

258 1277 453 1318 Auson.
489 1281 663 1318 tetrast.
689 1278 743 1317 29
767 1290 832 1331 sq.
1134 1274 1303 1318 Tacit.
1338 1274 1446 1317 hist.
1482 1277 1500 1317 Ι
1538 1279 1590 1317 49

422 1348 483 1402 (p.
509 1346 592 1388 189
620 1348 685 1398 Ρ.)

178 1417 271 1473 Spe
289 1418 506 1460 frustrate
530 1430 683 1470 Senex,
706 1415 917 1472 privatus
992 1420 1070 1472 (sc.
1095 1417 1261 1468 Galba)
1284 1416 1429 1459 maior
1460 1416 1643 1472 privato
1670 1416 1734 1460 vi-

481 1494 660 1543 sceptra
694 1488 857 1530 mereri
992 1503 1082 1541 sus,
1128 1488 1239 1530 dum
1286 1487 1495 1544 privatus
1540 1487 1639 1541 fuit,
1688 1495 1733 1530 et

238 1557 366 1602 visus
401 1574 458 1613 es,
492 1557 685 1614 imperio
708 1557 917 1614 proditus
992 1557 1200 1601 omnium
1226 1572 1455 1601 consensu
1482 1573 1627 1614 capax
1651 1558 1732 1601 ini-

656 1629 857 1673 inferior.
994 1629 1105 1686 perii
1140 1628 1227 1671 nisi
1262 1627 1548 1685 imperasset.

220 1718 395 1755 tetrast.
416 1728 454 1755 v.
476 1715 529 1754 43
550 1726 612 1768 sq.
636 1716 692 1768 (p.
718 1715 797 1754 190
817 1712 880 1767 P.)
1238 1711 1347 1755 hist.
1372 1713 1392 1753 I
1428 1715 1483 1754 50

179 1783 301 1826 Olim
337 1782 413 1839 qui
448 1782 639 1825 dubiam
663 1783 845 1839 privato
868 1783 914 1825 in
992 1790 1037 1826 et
1076 1783 1299 1839 ambigua
1345 1783 1401 1825 de
1440 1782 1731 1839 Vespasiano

440 1861 646 1910 tempore
670 1854 856 1907 famam,
989 1855 1113 1897 fama
1147 1855 1366 1910 solusque
1388 1853 1598 1896 omnium
1624 1862 1731 1897 ante

235 1939 389 1968 rarum
407 1923 520 1979 aliis,
537 1924 753 1981 princeps
770 1931 917 1968 trans·
989 1940 1038 1968 se
1070 1925 1332 1982 principum
1367 1925 1413 1967 in
1444 1925 1611 1968 melius
1635 1940 1732 1968 niu-

454 1996 562 2038 tulit
593 1994 640 2037 in
674 1994 854 2038 melius.
991 2002 1117 2038 tatus
1152 2003 1234 2039 est.

317 2086 508 2135 apparet
531 2078 792 2121 Ausonium
810 2079 1056 2136 praecipue
1074 2079 1130 2121 ad
1156 2079 1435 2122 Suetonium
1460 2093 1509 2122 se
1533 2079 1731 2135 applica-

177 2150 310 2204 visse,
344 2164 446 2193 cum
480 2150 619 2192 simul
643 2149 862 2192 Tacitum
896 2150 1151 2206 respiceret.
1202 2156 1338 2207 poeta
1361 2150 1459 2206 ipse
1477 2164 1662 2206 quoque
1684 2150 1730 2192 in

176 2228 370 2264 monost.
405 2237 447 2264 v.
472 2224 496 2263 4
520 2227 567 2263 et
587 2220 634 2262 in
660 2227 836 2264 tetrast.
873 2237 914 2263 v.
936 2223 988 2263 28
1014 2219 1189 2263 indicat
1212 2235 1260 2263 se
1283 2221 1562 2264 Suetonium
1586 2221 1729 2277 sequi,

177 2306 281 2334 curn
320 2307 416 2345 nos,
454 2291 490 2334 si
531 2292 665 2348 plura
703 2290 818 2334 scire
859 2290 1115 2347 cupiamus,
1154 2292 1210 2333 ad
1244 2290 1571 2348 Tranquillum
1606 2307 1733 2335 revo-

177 2369 261 2407 cet.
311 2377 418 2406 sane
443 2361 761 2419 grammatico,
794 2376 931 2418 quem
956 2363 1105 2405 multa
1127 2361 1412 2406 lectitavisse
1436 2369 1482 2406 et
1503 2362 1728 2406 memoria

177 2434 459 2490 permultum
507 2433 750 2485 valuisse1)
799 2439 992 2486 constat,
1032 2432 1173 2476 etiam
1220 2434 1416 2476 aliorum
1454 2433 1730 2489 scriptorum

176 2504 222 2547 in
256 2511 461 2548 mentem
494 2505 635 2558 venit,
669 2512 721 2547 ut
756 2504 995 2558 Martialis,
1030 2504 1161 2548 cuius
1199 2506 1342 2548 verba
1377 2508 1466 2561 (ep.
1491 2505 1580 2560 33):

322 2594 345 2637 ¹)
373 2595 457 2628 satis
484 2595 601 2629 habeo
627 2595 672 2629 de
698 2595 767 2629 isto
794 2595 946 2629 centone
973 2594 1122 2638 nuptiali
1150 2594 1394 2636 admonuisse,
1421 2603 1529 2638 quern
1548 2594 1731 2629 Ausonius

176 2648 211 2682 in
238 2647 361 2681 itinere
387 2657 467 2682 cum
484 2647 737 2683 Valentiniano
757 2650 964 2682 concertans
984 2657 1002 2682 e
1020 2648 1185 2682 versibus
1205 2647 1431 2693 Vergilianis‚
1452 2657 1544 2691 quos
1563 2649 1731 2682 memoria

177 2699 330 2743 tenebat,
357 2701 592 2741 concinnavit,
621 2700 715 2736 unde
743 2704 839 2745 patet
864 2701 1066 2735 Ausonium
1094 2702 1208 2736 totum
1236 2700 1308 2735 iere
1334 2700 1533 2745 Vergilium
1562 2702 1731 2735 memoria

177 2761 258 2787 esse
285 2753 523 2797 complexum.
