2001 3099
824 112 1114 151 —91......

196 255 353 305 rogat:
392 250 534 293 ‘visne
574 248 687 305 Opis
721 259 830 293 ante
869 263 1052 292 sacrum
1086 249 1159 291 vel
1191 247 1460 293 Saturnalia
1492 248 1642 291 dicam
1683 250 1742 291 fe-

196 328 360 377 staque
388 335 639 375 servorum,
673 335 778 363 011111
801 321 1081 363 famulantur
1104 319 1202 361 eri?
1266 334 1371 361 nam
1396 320 1577 375 legerat
1598 321 1742 361 Auso-

194 392 300 434 nius
339 391 499 434 eadem
533 392 626 434 fere
659 392 798 435 verba
837 392 883 434 in
917 389 1129 435 Suetonii
1169 390 1286 432 libro
1324 391 1380 432 de
1418 405 1540 433 anno
1574 392 1741 432 Roma-

196 477 371 517 norum,
400 476 518 519 quae
545 476 671 504 nunc
692 462 740 504 in
767 462 967 504 Macrob.
991 461 1083 505 Sat.
1104 463 1124 503 Ι
1147 465 1209 515 10,
1238 464 1286 502 18
1316 459 1486 517 scripta
1509 461 1739 504 videmus:

195 535 280 589 ‘qui
320 532 417 576 dies
456 547 581 575 nunc
620 533 846 589 Opalibus
879 533 1000 575 inter
1036 530 1300 575 Saturnalia
1332 531 1594 587 deputatur,
1634 546 1739 574 cum

192 603 394 660 primum
418 604 620 648 Saturno
653 604 824 660 pariter
858 611 904 647 et
927 603 1017 660 Opi
1050 602 1190 646 fuerit
1219 601 1472 658 ascriptus’.
1535 603 1739 658 itemque

194 676 462 732 explicatur,
504 676 625 731 quod
665 675 900 717 Ausonius
943 689 1071 717 sacra
1109 672 1381 729 Sigillorum
1424 671 1545 716 dicit.
1615 675 1734 729 apud

191 745 471 790 Suetonium
493 746 739 789 invenerat
755 747 906 800 verba,
925 760 1043 802 quae
1060 744 1193 788 nobis
1211 759 1292 801 per
1311 744 1511 788 Macrob.
1531 744 1655 788 Sat.1
1677 748 1738 798 11,

192 820 246 859 47
275 823 386 860 511111
417 824 616 860 servata:
650 817 770 860 ‘inde
802 831 937 859 usum
970 816 1079 859 talia
1108 814 1354 858 simulacra
1381 815 1594 870 fingendi
1618 814 1738 858 111101·

191 903 319 931 sacra
341 889 589 931 mansisse'.
653 903 710 931 ne
733 903 842 932 vero
865 887 1085 930 miremur
1108 894 1293 943 poetam
1319 893 1499 942 praeter
1522 886 1736 930 Suetonii

190 960 246 1002 de
294 974 417 1002 anuo
458 962 778 1003 Romanorum
817 958 986 1001 librum
1026 957 1234 1002 eiusdem
1272 957 1473 1000 auctoris
1511 957 1736 1000 ludicram

190 1030 429 1074 historiam
477 1031 524 1073 in
572 1031 658 1074 hac
697 1032 858 1087 ecloga
897 1030 1216 1087 componenda
1254 1027 1534 1084 adhibuisse,
1579 1028 1738 1072 memi-

189 1102 392 1145 nerimus
432 1117 537 1145 eum
577 1103 623 1144 in
663 1102 753 1145 illis
786 1101 997 1145 versibus
1029 1103 1086 1144 de
1117 1103 1211 1144 XII
1246 1100 1520 1144 Caesaribus
1552 1099 1735 1157 scriptis

189 1188 281 1216 uon
321 1174 471 1216 solum
503 1173 793 1227 Suetonium,
833 1174 913 1215 sed
953 1173 1093 1216 etiam
1127 1171 1345 1215 Tacitum
1378 1186 1478 1214 esse
1511 1178 1734 1215 secutum.

329 1243 510 1299 Quibus
539 1245 676 1287 rebus
709 1243 921 1300 cognitis,
955 1259 1059 1287 cum
1092 1258 1174 1300 pro
1208 1244 1447 1300 explorato
1479 1242 1734 1286 habeamus

190 1315 445 1359 Ausonium
494 1316 541 1358 in
581 1315 754 1371 eclogis
789 1318 931 1358 9—26
971 1321 1018 1358 et
1056 1314 1268 1360 Suetonii
1307 1313 1477 1357 librum
1516 1314 1572 1357 de
1611 1329 1734 1357 anno

188 1389 506 1430 Romanorum
545 1394 591 1430 et
629 1387 836 1429 eiusdem
875 1385 1076 1429 auctoris
1115 1385 1341 1428 ludicram
1380 1384 1623 1428 historiam
1661 1400 1734 1428 cx-

186 1459 419 1515 pressisse,
467 1459 558 1500 iam
599 1457 730 1500 nobis
770 1464 840 1500 est
879 1458 1207 1513 quaerendum,
1256 1470 1369 1498 1111111
1408 1463 1646 1512 praeterea
1685 1455 1732 1498 111

187 1529 350 1573 ceteris
373 1528 567 1572 Ausonii
591 1529 837 1585 poematiis
860 1527 1072 1572 lectionis
1095 1529 1261 1571 horum
1284 1527 1507 1570 librorum
1531 1527 1735 1583 vestigia

184 1601 491 1644 inveniamus.
554 1615 703 1656 neque
742 1600 855 1642 haec
892 1614 997 1657 spes
1043 1614 1126 1642 1105
1170 1599 1327 1641 fallere
1366 1598 1565 1642 videtur.
1628 1614 1732 1641 cum

184 1672 231 1714 in
270 1671 469 1728 epistula
500 1674 592 1713 XX
625 1674 682 1727 (p.
709 1674 792 1713 257
828 1672 890 1725 P.)
933 1671 988 1713 ad
1032 1669 1183 1712 filium
1221 1670 1391 1726 scripta
1424 1677 1562 1726 poeta
1600 1670 1732 1712 illum

184 1742 317 1797 diem,
357 1757 448 1799 quo
486 1758 513 1785 a
550 1741 646 1784 filio
685 1757 769 1785 5110
808 1749 907 1785 erat
943 1742 1166 1796 desertus,
1204 1741 1276 1783 his
1309 1741 1463 1784 verbis
1495 1740 1731 1784 describit:

324 1813 426 1870 quis
459 1814 547 1856 fuit
579 1814 656 1855 ille
689 1812 813 1856 dies?
873 1828 967 1856 11011
1000 1812 1135 1855 annis
1168 1812 1351 1868 longior
1383 1811 1461 1855 ille
1494 1818 1575 1867 est,

323 1884 479 1927 Attica
512 1900 649 1941 quem
683 1884 805 1927 docti
840 1883 1031 1940 collegit
1063 1899 1172 1927 cura
1206 1884 1419 1938 Metonis,

182 1971 337 1999 11011110
376 1955 473 1999 veri
521 1962 592 1998 est
634 1954 923 1998 simillimum
963 1953 1224 1998 Ausonium
1264 1954 1580 2011 cognitionem
1620 1955 1729 1997 anni

184 2026 384 2070 Metonis
422 2042 446 2069 e
484 2027 721 2080 Suetonio,
769 2041 906 2083 quem
950 2026 998 2069 in
1037 2025 1154 2070 libro
1193 2040 1368 2069 annum
1410 2029 1729 2069 Romanorum

182 2104 426 2141 enarrante
459 2098 515 2140 de
538 2097 671 2141 annis
695 2098 881 2154 magnis
904 2098 1057 2153 egisse
1080 2097 1263 2153 scimus,
1295 2097 1540 2140 habuisse?
1602 2098 1730 2139 item-

182 2183 270 2225 que
302 2169 504 2225 vestigia
536 2168 748 2212 lectionis
780 2169 985 2212 ludicrae
1023 2168 1245 2212 historiae
1283 2168 1600 2212 inveniuntur.
1664 2168 1730 2211 sic

182 2241 416 2283 Ausonius
439 2241 484 2282 in
511 2240 710 2297 epistula
732 2241 788 2283 ad
809 2241 1033 2285 Ursulum
1053 2240 1411 2297 grammaticum
1428 2239 1729 2283 Trevirorum

182 2311 239 2367 (p.
258 2315 340 2354 244
367 2314 438 2367 R),
466 2327 570 2354 cum
595 2326 840 2355 numerum
864 2311 1201 2355 duodenarium
1225 2326 1306 2368 per
1327 2313 1482 2355 lusum
1507 2318 1553 2354 et
1575 2312 1728 2354 iocum

182 2382 392 2439 explicat,
426 2383 636 2427 versibus
667 2387 711 2426 11
750 2390 796 2427 et
833 2387 898 2426 12:

321 2454 441 2498 ostia
473 2460 588 2510 quot
619 2469 701 2511 pro
733 2461 864 2511 parte
896 2455 1046 2512 aperit
1077 2455 1323 2499 stridentia
1355 2457 1503 2499 circus

463 2532 668 2582 excepto,
700 2526 906 2569 medium
939 2528 1062 2583 quod
1095 2533 1225 2583 patet
1256 2528 1313 2570 ad
1347 2527 1548 2570 stadium

180 2596 498 2653 cognitionem
527 2596 634 2640 circi
655 2597 847 2640 maximi
863 2601 906 2653 ¹),
939 2612 1076 2654 quem
1103 2598 1421 2642 Cassiodorius
1443 2601 1550 2644 Var.
1576 2603 1646 2642 III
1671 2604 1720 2642 51

324 2693 348 2737 ¹)
375 2702 446 2739 ego
477 2693 624 2738 quidem
657 2702 720 2738 pro
752 2696 848 2728 certo
894 2693 1012 2729 habeo
1043 2694 1246 2729 Ausonium
1279 2694 1336 2730 hic
1374 2695 1441 2730 sub
1473 2695 1585 2731 verbo
1616 2697 1726 2731 circus

181 2751 281 2787 illum
308 2753 438 2788 circum
465 2753 662 2789 maximum
695 2739 785 2789 κατ>
810 2748 959 2802 ἓξοχήν
993 2752 1222 2789 intellexisse.
