2001 3099
267 287 463 331 Martius
497 287 677 344 antiqui
710 288 962 344 primordia

648 358 844 416 protulit
877 359 1003 403 anni.

265 430 462 474 Martius
502 438 549 475 et
582 430 766 487 generis
802 430 1003 473 Romani

534 502 720 558 praesul
756 508 802 544 et
834 502 942 545 anni

324 572 475 616 Prima
524 573 668 616 dabas
703 572 852 620 Latiis
893 581 1003 617 tcm-

513 659 625 700 pora
659 644 941 689 consulibus.

322 1429 574 1472 Fetiferum
611 1428 818 1486 Aprilem
857 1429 1005 1472 vindi-

509 1507 583 1543 cat
615 1501 737 1543 alma
769 1502 942 1544 Venus

261 1572 533 1614 Aeneadum
569 1572 784 1628 genetrix
817 1571 972 1615 vicino

590 1657 760 1685 nomen
797 1643 941 1699 Aprili

323 1715 417 1755 Das
430 1715 608 1758 Venus:
630 1721 701 1757 est
723 1714 1003 1757 Martinam-

357 1800 447 1841 que
480 1786 740 1842 Aphrodita
774 1801 940 1830 comes.

262 2720 490 2762 Maiorum
531 2720 683 2762 dictus
722 2727 906 2776 patrum
942 2722 998 2763 (le

553 2790 743 2834 nomine
778 2791 940 2834 Maius.

1015 150 1067 189 64

1144 292 1206 344 12,
1225 292 1249 332 3
1264 303 1361 346 sqq.
1375 304 1467 331 non
1487 288 1632 345 igitur
1648 289 1818 333 mirum

1079 361 1126 402 in
1173 360 1262 403 hac
1312 360 1538 403 varietate
1582 362 1818 404 Romanos

1079 446 1264 488 quoque
1281 431 1389 474 olim
1411 437 1598 474 auctore
1618 433 1819 475 Romulo

1082 516 1257 545 annum
1302 516 1440 545 suum
1479 503 1640 546 decem
1677 503 1820 546 habu-

1078 573 1169 617 isse
1184 573 1427 616 mensibus
1445 574 1724 629 ordinatum,
1740 575 1817 631 qui

1078 660 1230 688 annus
1247 644 1503 702 incipiebat
1520 661 1546 689 a
1562 645 1731 689 Martio
1750 680 1758 690 .
1781 679 1788 687 .
1810 681 1817 689 .

1078 720 1117 758 5.
1151 717 1267 759 haec
1298 716 1386 759 fuit
1417 717 1607 759 Romuli
1640 715 1818 760 ordina-

1079 787 1154 843 tio,
1194 787 1271 844 qui
1310 788 1511 844 primum
1550 788 1661 831 anni
1695 803 1819 831 men-

1077 874 1174 902 sem
1214 858 1414 915 genitori
1454 874 1539 902 suo
1581 858 1717 903 Marti
1756 858 1819 901 di-

1078 930 1222 974 cavit:
1268 945 1405 986 quem
1450 944 1659 973 mensem
1707 931 1816 973 anni

1077 1001 1278 1058 primum
1326 1002 1469 1044 fuisse
1514 1003 1589 1045 vel
1635 1017 1691 1045 ex
1730 1003 1817 1045 hoc

1077 1073 1282 1116 maxime
1324 1074 1558 1129 probatur,
1601 1074 1724 1130 quod
1760 1075 1817 1116 ab

1077 1144 1177 1200 ipso
1225 1143 1449 1199 Quintilis
1497 1145 1689 1201 quintus
1736 1151 1817 1197 est,

1077 1223 1122 1258 et
1155 1215 1373 1273 deinceps
1406 1230 1488 1272 pro
1516 1231 1712 1259 numero
1740 1231 1817 1259 no-

1075 1287 1378 1330 minabantur
1411 1323 1419 1330 .
1454 1322 1461 1330 .
1497 1324 1506 1333 .

1139 1433 1174 1472 8.
1209 1430 1467 1472 secundum
1501 1444 1708 1472 mensem
1742 1445 1817 1472 no-

1077 1499 1276 1544 minavit
1298 1501 1518 1557 Aprilem,
1548 1508 1601 1544 ut
1627 1501 1814 1557 quidam

1077 1579 1256 1627 putant,
1274 1587 1376 1614 cum
1390 1571 1670 1628 aspiratione
1687 1573 1814 1628 quasi

1076 1644 1331 1700 Aphrilcm,
1383 1660 1409 1687 a
1464 1658 1630 1700 spuma
1677 1658 1815 1700 quam

1077 1715 1243 1757 Graeci
1289 1717 1428 1770 ἀφρὸν
1467 1721 1648 1769 vocant,
1693 1715 1818 1756 unde

1077 1793 1177 1828 orta
1202 1788 1362 1830 Venus
1388 1787 1601 1830 creditur.
1636 1787 1817 1829 ethanc

1079 1857 1266 1900 Romuli
1305 1858 1529 1901 adserunt
1566 1857 1708 1900 fuisse
1751 1871 1817 1899 ra-

1077 1927 1265 1983 tionem,
1304 1936 1357 1972 ut
1389 1928 1593 1986 primum
1627 1928 1815 1984 quidem

1075 2014 1283 2042 mensem
1320 2015 1346 2042 a
1377 2007 1509 2056 patre
1543 2014 1628 2043 sno
1655 2002 1814 2053 Marte,

1076 2072 1333 2114 secundum
1367 2072 1424 2114 ab
1447 2072 1636 2113 Aeneae
1667 2077 1815 2113 matre

1076 2144 1257 2186 Venere
1290 2141 1564 2196 nominaret,
1598 2150 1644 2185 et
1667 2140 1716 2184 hi
1739 2155 1814 2198 po-

1076 2212 1308 2256 tissimum
1342 2212 1451 2256 anni
1475 2212 1702 2270 principia
1725 2226 1812 2254 ser-

1075 2292 1239 2328 varent
1283 2300 1309 2327 a
1354 2284 1522 2341 quibus
1567 2291 1686 2327 esset
1725 2285 1813 2324 Ro-

1074 2356 1199 2398 mani
1255 2355 1457 2398 nominis
1511 2355 1654 2410 origo,
1707 2367 1810 2396 cum

1073 2427 1304 2482 hodieque
1347 2426 1394 2468 in
1435 2426 1576 2469 sacris
1616 2427 1810 2467 Martem

1072 2505 1252 2554 patrem
1275 2500 1501 2542 Venerem
1529 2494 1808 2553 genetricem

1073 2584 1304 2612 vocemus.

1134 2722 1309 2764 Maium
1355 2721 1580 2763 Romulus
1620 2718 1807 2761 tertium

1075 2792 1240 2848 posuit.
1265 2793 1321 2834 dc
1338 2791 1468 2834 cuius
1486 2788 1672 2832 nomine
1689 2790 1809 2831 inter
