2001 3099
910 169 965 176 —

334 283 627 339 Augustin.
662 300 698 329 c.
734 285 962 329 Faustum

537 358 702 401 XVIII
728 359 764 399 5.

336 438 427 482 Sed
453 445 499 482 et
528 439 782 483 mensibus
804 439 1023 494 imposu-

279 512 419 553 erunt
463 510 664 554 nomina
711 511 903 554 deorum
952 526 1023 555 su-

277 595 420 624 orum.
515 582 723 636 Propter
784 583 1022 627 honorem

277 652 448 710 quippe
492 653 701 707 Romuli,
750 654 866 707 quia
913 665 1022 698 eum

278 723 455 767 Martis
499 724 652 768 filium
692 726 1022 778 crediderunt,

276 794 477 850 primum
525 810 734 840 mensem
771 797 911 840 Marti
959 797 1024 840 di-

279 873 437 910 cantes
471 867 693 911 Martium
719 876 1020 913 vocaverunt.

276 937 340 982 Et
361 936 470 982 inde
488 938 706 992 Aprilem
738 951 769 983 a
791 940 923 983 nullo
943 941 1021 983 dei

276 1008 353 1052 sui
386 1010 598 1064 nomine,
637 1011 729 1054 sed
763 1022 793 1054 a
825 1022 877 1054 re
910 1011 1023 1066 ipsa

277 1081 421 1134 quasi
454 1081 707 1136 aperilem,
739 1083 875 1136 quod
908 1086 1023 1126 tunc

276 1152 536 1205 plurimum
585 1153 822 1208 germinis
863 1155 1024 1208 aperi-

275 1226 384 1267 atur
415 1224 464 1267 in
496 1224 686 1270 florem.
741 1226 858 1269 Inde
889 1226 1023 1270 terti-

276 1305 356 1338 um
395 1306 616 1340 mensem
649 1297 854 1349 Maium,
899 1299 1021 1354 quod

275 1367 463 1411 Maiam
522 1368 753 1411 Mercurii
815 1372 1021 1412 matrem

278 1438 421 1484 deam
446 1439 629 1483 colunt.
663 1440 778 1483 Inde
802 1446 1021 1497 quartum

276 1510 463 1554 lunium
488 1522 519 1554 a
543 1511 744 1556 lunone.
809 1511 924 1555 Inde
954 1526 1021 1555 ce-

277 1588 397 1626 teros
431 1597 579 1640 usque
617 1583 675 1627 ad
712 1582 1020 1627 Decembrem

275 1667 300 1696 a
326 1653 534 1698 numeris
557 1655 871 1699 nominarunt.
925 1654 1018 1698 Sed

275 1742 333 1770 ex
372 1725 438 1770 eis
472 1724 698 1781 Quintilis
736 1732 876 1783 atque
908 1727 1019 1770 Sex-

275 1796 369 1841 tilis
427 1797 697 1841 nominibus
759 1796 1018 1852 hominum,

275 1869 443 1926 quibus
482 1868 667 1912 divinos
702 1869 902 1912 honores
944 1869 1018 1912 de-

275 1947 529 1995 creverant,
563 1939 785 1998 appellati
811 1946 923 1983 sunt
946 1941 1018 1983 Iu-

274 2011 365 2055 lius
398 2018 445 2056 et
476 2013 737 2068 AugustuS,
776 2025 885 2054 nam
919 2025 1018 2069 sep-

275 2083 418 2127 timus
438 2083 714 2140 September
731 2089 778 2126 et
795 2082 946 2137 ceteri,
965 2089 1019 2126 ut

274 2154 383 2210 dixi,
416 2169 564 2212 usque
597 2154 904 2199 Decembrem
937 2168 1018 2197 nu-

273 2240 508 2270 merorum
541 2241 599 2270 ex
631 2225 794 2269 ordine
817 2239 1018 2282 pronun-

275 2297 465 2341 tiantur.
527 2298 680 2341 Porro
705 2296 964 2340 Ianuarius
988 2307 1019 2339 a

276 2370 394 2412 lano
419 2369 700 2423 appellatus
718 2371 809 2418 est,
838 2368 1017 2411 Febru-

276 2441 411 2484 arius
444 2452 475 2483 a
506 2440 710 2484 Februis
742 2438 900 2482 sacris
928 2439 1017 2482 Lu-

275 2522 550 2566 percorum.

353 2655 499 2700 Serv.
533 2654 591 2698 ad
625 2667 783 2710 georg.
819 2655 931 2696 143.

335 2733 382 2768 et
428 2724 668 2768 sciendum
723 2730 804 2778 est,
857 2725 1015 2768 decem

277 2804 458 2839 tantum
493 2810 676 2838 menses
716 2796 858 2838 fuisse
892 2795 1015 2852 apud

1029 149 1089 188 68

1099 286 1287 330 Isidor.
1311 286 1368 328 de
1391 293 1484 329 nat.
1508 301 1592 330 rer.
1618 289 1684 331 IV
1707 290 1840 344 2sqq.

1179 440 1373 498 Antiqui
1433 448 1589 484 autern
1643 442 1844 497 gentiles

1098 512 1352 556 mensibus
1385 512 1586 555 nomina
1613 514 1842 569 quaedam

1098 599 1156 627 ex
1203 583 1291 628 (liis
1346 584 1455 639 suis,
1509 585 1737 641 quaedam
1786 601 1843 627 ex

1098 656 1262 708 causis,
1296 656 1524 711 quaedam
1550 671 1659 699 vero
1682 671 1740 699 ex
1762 670 1844 699 nu-

1098 741 1225 770 mero
1266 726 1591 781 inposuerunt
1622 726 1845 784 incipien-

1098 805 1167 841 tes
1206 813 1232 840 a
1268 797 1449 853 Martio,
1497 799 1607 855 quia
1646 813 1703 841 ex
1741 798 1843 855 ipso

1097 868 1207 912 anni
1241 868 1493 913 exorientis
1522 868 1732 913 ordinem
1755 883 1844 912 ser-

1096 948 1343 985 vaverunt.
1380 943 1521 984 Hunc
1544 946 1703 984 autem
1727 942 1844 983 Mar-

1098 1011 1215 1056 tium
1248 1016 1452 1067 propter
1482 1012 1721 1055 honorem
1745 1011 1842 1057 Ro-

1097 1083 1214 1127 muli
1237 1084 1303 1127 sic
1325 1084 1696 1141 appellaverunt,
1726 1082 1843 1137 quia

1099 1166 1209 1198 eum
1233 1155 1409 1200 Martis
1430 1154 1587 1198 filium
1616 1168 1717 1198 esse
1740 1165 1842 1197 cre-

1099 1226 1344 1270 diderunt.
1379 1225 1596 1280 Aprilem
1614 1240 1723 1269 vero
1739 1226 1842 1269 nul-

1096 1299 1144 1340 lo
1178 1298 1382 1341 deorum
1415 1307 1617 1340 suorum
1645 1297 1842 1340 nomine

1096 1369 1188 1412 sed
1236 1370 1298 1412 de
1348 1379 1400 1412 re
1448 1368 1651 1423 propria
1698 1368 1842 1422 quasi

1097 1440 1333 1495 aperilem
1366 1439 1731 1484 nominaverunt
1763 1451 1840 1492 eo,

1096 1512 1356 1565 quodtunc
1364 1522 1565 1566 germen
1581 1510 1840 1565 plurimum

1099 1583 1355 1638 aperiatur
1376 1583 1424 1626 in
1447 1582 1643 1634 florem;
1666 1585 1704 1625 3.
1726 1582 1841 1625 inde

1098 1665 1318 1699 mensem
1352 1654 1539 1698 Maium
1578 1665 1668 1709 pro
1703 1653 1841 1696 Maia

1095 1726 1326 1769 Mercurii
1336 1729 1509 1778 matre,
1533 1736 1680 1779 quam
1695 1725 1839 1769 deam

1096 1801 1296 1850 vocant,
1314 1797 1414 1841 sive
1430 1804 1618 1854 propter
1630 1796 1839 1850 maiores,

1095 1868 1264 1913 deinde
1317 1869 1503 1913 lunium
1557 1879 1588 1912 a
1639 1868 1839 1919 lunone,

1095 1954 1234 1997 quam
1257 1955 1460 1984 sororem
1490 1940 1564 1984 vel
1588 1939 1835 1995 coniugem

1098 2011 1225 2056 Iovis
1248 2010 1391 2055 fuisse
1414 2017 1659 2055 testantur.
1712 2010 1843 2052 Alii

1101 2089 1258 2126 autem
1317 2083 1438 2126 sicut
1490 2083 1688 2125 Maium
1738 2087 1839 2137 pro

1102 2155 1409 2205 maioribus,
1462 2152 1528 2197 ita
1564 2159 1661 2210 pro
1698 2152 1838 2194 iuni-

1093 2226 1277 2268 oribus
1317 2225 1535 2268 Iunium
1578 2222 1732 2268 vocari
1773 2222 1837 2266 di-

1095 2303 1275 2341 xerunt.
1328 2299 1449 2340 Item
1472 2294 1644 2339 Iulium
1667 2310 1694 2338 a
1716 2294 1836 2337 Iulio

1096 2367 1303 2418 Caesare,
1335 2368 1607 2424 Augustum
1639 2380 1749 2409 vero
1777 2366 1835 2409 ab

1095 2439 1356 2484 Octaviano
1393 2439 1611 2495 Augusto
1643 2451 1837 2481 vocave-

1091 2517 1218 2566 runt3
1281 2524 1400 2553 nam
1454 2507 1604 2566 prius
1657 2507 1834 2552 Iulius

1092 2580 1366 2637 Quintilis
1434 2586 1485 2623 et
1546 2580 1834 2635 Augustus

1091 2652 1328 2698 Sextilis
1361 2650 1720 2705 vocabantur,
1753 2650 1833 2693 sed

1092 2738 1251 2766 eorum
1282 2721 1475 2764 nomina
1507 2736 1533 2764 a
1557 2721 1833 2764 Caesaribus

1093 2794 1212 2836 Iulio
1230 2794 1330 2836 sive
1348 2794 1566 2847 Augusto
1585 2800 1696 2835 sunt
1713 2807 1833 2835 com-
