2001 3099
851 141 1140 180 ,22-

216 282 427 326 traxisse.
476 281 522 323 in
556 280 863 324 monostichis
893 282 950 324 de
973 281 1134 323 ordine
1157 281 1504 336 imperatorum,
1527 279 1696 323 deinde
1720 281 1777 323 de

215 360 368 396 aetate
408 351 590 408 imperii
630 367 802 406 eorum,
842 351 1043 408 denique
1082 352 1138 394 de
1176 351 1307 394 obitu
1347 351 1643 408 singulorum
1681 352 1778 395 bre-

219 423 406 467 vissime
439 424 551 479 agit,
584 423 632 465 in
667 422 970 466 tetrastichis
991 423 1177 466 easdem
1219 438 1290 466 res
1323 437 1417 465 non
1458 424 1607 466 multo
1639 424 1779 480 pluri-

215 497 302 539 bus
325 495 479 539 verbis
503 495 740 551 percurrit,
765 509 871 538 curn
895 510 987 538 non
1011 509 1172 551 pauca,
1203 509 1320 551 quae
1341 494 1436 537 iam
1465 494 1528 537 ibi
1551 495 1778 550 docuerat,

217 567 321 609 aliis
354 565 508 610 verbis
541 565 688 609 iteret.
729 566 975 621 rhetorem,
1009 574 1062 609 ut
1095 573 1193 609 erat
1215 565 1286 608 vir
1308 565 1652 621 disertissimus,
1685 581 1777 609 non

218 646 312 681 tam
346 638 488 681 verba
522 652 661 694 quam
694 637 937 681 scientiam
959 652 1114 680 rerum
1140 652 1164 680 e
1186 637 1413 682 Suetonio
1437 637 1780 694 deprompsisse

217 709 479 766 videmus&
530 709 678 751 tribus
713 715 899 752 tantum
932 709 1006 752 vel
1032 715 1252 764 quattuor
1273 709 1386 751 locis
1411 708 1452 751 ei
1476 707 1613 752 simul
1637 710 1779 752 verba

217 781 317 837 ipsa
357 779 552 824 Suetoni
593 787 702 823 ante
742 782 900 823 oculos
941 795 1041 823 esse
1081 781 1328 824 obversata
1361 780 1592 823 videntur.
1655 782 1781 823 locos

218 852 338 896 inter
372 867 420 895 se
454 859 767 908 congruentes
801 851 877 895 hic
910 866 1187 908 componere
1220 852 1393 908 placet:

261 998 454 1039 Auson.
491 1002 657 1039 tetrast
688 1011 730 1039 v.
771 999 820 1038 17
854 1010 920 1052 sq.
1178 995 1399 1038 Sueton.
1450 994 1593 1050 Calig.
1619 997 1643 1036 9

460 1069 523 1124 (p.
554 1070 633 1109 188
660 1069 725 1119 P.)

227 1142 330 1181 Post
364 1140 490 1181 hunc
520 1137 743 1182 castrensi
772 1137 965 1194 Caligae
1042 1138 1285 1192 Caligulae
1305 1151 1567 1193 cognomen
1585 1143 1784 1179 castren—

429 1210 704 1267 cognomine
738 1210 906 1253 Caesar
1041 1214 1074 1251 si
1107 1208 1207 1251 ioco
1242 1209 1393 1251 traxit.

282 1282 505 1324 successit
532 1297 673 1324 saevo
696 1280 878 1324 saevior
901 1279 966 1322 in-

755 1351 905 1408 genio.

282 1501 480 1537 monost.
505 1511 547 1537 v.
574 1499 628 1538 40
654 1503 707 1551 (p.
738 1498 816 1537 186
844 1494 906 1550 P.)
1346 1492 1436 1535 Tit.
1466 1496 1480 1534 1

227 1568 286 1609 At
309 1566 457 1620 Titus,
481 1567 604 1609 orbis
628 1581 767 1620 amor,
791 1565 969 1622 rapitur
1043 1565 1180 1608 Titus
1216 1601 1222 1607 .
1261 1599 1267 1606 .
1303 1600 1308 1607 .
1344 1579 1472 1607 amor
1510 1579 1562 1606 ac
1595 1562 1786 1606 deliciae

226 1638 502 1680 florentibus
536 1638 682 1680 annis
1047 1636 1231 1692 generis
1265 1634 1473 1678 humani.

257 1786 422 1822 tetrast
441 1796 481 1823 v.
504 1784 556 1822 45
576 1796 669 1836 sqq.
696 1782 750 1837 (p.
777 1783 855 1822 190
877 1780 940 1836 Ρ.)
1331 1776 1422 1820 Tit.
1452 1780 1501 1819 10

230 1851 359 1894 Felix
380 1851 585 1907 imperio,
609 1851 718 1893 felix
743 1851 970 1893 brevitate
1046 1865 1197 1906 neque
1221 1850 1343 1892 enim
1368 1856 1526 1891 extare
1551 1850 1697 1891 ullum
1717 1863 1788 1891 su*

763 1921 970 1978 regendi,
1047 1935 1124 1963 uin
1158 1922 1333 1963 factum
1367 1918 1713 1975 paenitendum.

287 2008 451 2050 expers
505 1994 655 2037 civilis
710 1991 970 2048 sanguinis,

614 2065 736 2107 orbis
770 2079 911 2107 amor.

228 2151 374 2178 unum
406 2135 565 2179 dixisti
593 2136 794 2178 moriens
825 2143 869 2178 te
893 2133 973 2177 cri-

584 2223 690 2249 men
726 2207 913 2260 habere3

289 2279 367 2321 sed
395 2279 508 2320 nulii
534 2279 590 2321 de
616 2285 660 2321 te
679 2293 764 2320 nec
782 2277 865 2320 tibi
886 2292 974 2320 cre-

699 2347 913 2391 didimus.

231 2498 396 2547 quarto
441 2492 540 2534 loco
576 2491 814 2534 Ausonius
854 2489 991 2533 simul
1035 2489 1273 2532 Iuvenalis
1308 2503 1484 2531 memor
1516 2488 1623 2531 fuit:

378 2672 401 2715 ¹)
429 2671 468 2707 C.
494 2669 652 2705 Schenkl
679 2673 713 2705 et
745 2670 781 2709 R.
810 2670 935 2714 Peipcr
967 2670 1141 2713 plurimos
1168 2668 1332 2703 auctores
1359 2670 1393 2702 ei
1419 2667 1615 2701 imitatores
1641 2665 1792 2701 Ausonii

232 2733 267 2766 in
301 2730 519 2765 editionibus
546 2729 604 2764 ille
637 2730 672 2763 in
701 2731 863 2774 margine
890 2729 1066 2769 inferiore,
1094 2728 1151 2762 liic
1178 2728 1332 2762 maxime
1359 2727 1393 2760 in
1420 2725 1619 2770 appendice
1645 2724 1791 2760 editioni

233 2790 398 2825 adiuncta
425 2790 716 2834 composuerunt.
