2001 3099
871 126 1162 165 -84-

235 263 371 306 nalia.
440 271 538 307 tum
573 278 683 307 vero
714 263 1132 308 animadvertimus
1155 264 1420 308 Ausonium
1443 265 1636 309 omnino
1658 266 1794 310 ferias

236 334 523 390 antiquiores
557 336 679 378 solas
702 335 962 391 protulisse.
1014 350 1072 378 ne
1095 350 1242 378 unum
1266 336 1454 392 quidem
1479 352 1536 379 ex
1561 337 1794 381 natalibus

237 406 487 448 Caesarum
513 406 755 461 Divorum,
788 421 904 462 quos
938 408 1113 450 multos
1146 408 1404 451 ostendunt
1427 408 1535 451 fasti
1560 408 1795 463 Philocali,

237 477 359 533 apud
387 477 648 520 Ausonium
671 477 951 521 invenimus.
1008 478 1214 534 itemque
1236 479 1360 535 apud
1383 485 1570 536 poetam
1594 479 1796 536 reliquos

238 563 399 591 omnes
434 548 532 592 dies
566 550 709 592 festos
743 550 1036 604 recentiores,
1069 550 1147 605 qui
1183 549 1474 594 Caesarianis
1508 550 1797 608 temporibus

237 618 443 663 instituti
478 626 600 674 sunt,
635 620 967 665 desideramus.
1021 635 1107 664 nec
1134 620 1292 664 minus
1321 627 1514 679 apparet
1536 621 1796 666 Ausonium

239 690 527 747 antiquiores
576 693 696 734 solas
741 691 879 734 ferias
919 692 1181 749 respexisse
1222 707 1373 749 neque
1411 707 1500 736 usu
1539 693 1665 737 vitae
1702 694 1799 736 solo

239 776 340 805 esse
385 762 591 817 ductum,
639 763 677 805 si
718 764 930 819 eclogam
970 777 1076 806 011111
1116 763 1298 807 duabus
1339 764 1441 808 aliis
1480 764 1698 808 feriarum
1738 772 1802 808 ta-

242 832 379 888 bulis,
428 848 546 890 quae
586 834 720 877 nobis
766 841 876 877 sunt
909 840 1135 889 servatae,
1183 835 1477 891 conferimus,
1510 850 1615 879 cum
1649 850 1804 879 meno-

241 903 380 959 logiis
424 904 622 960 rusticis,
664 921 783 962 quae
825 907 975 962 primo
1014 920 1056 962 p.
1092 905 1197 950 Chr.
1233 922 1273 950 n.
1315 907 1501 950 saeculo
1540 922 1641 950 esse
1684 922 1804 951 com-

246 982 430 1032 pertum
469 976 697 1019 habemus
712 978 754 1031 ¹),
800 985 846 1020 et
878 992 983 1020 cum
1022 977 1102 1022 illo
1153 977 1304 1035 capite
1349 979 1406 1022 de
1457 978 1622 1022 diebus
1661 978 1804 1034 festis,

241 1047 365 1103 quod
426 1046 548 1090 inter
609 1048 996 1093 hermeneumata
1050 1049 1514 1094 Pseudodositheana
1565 1050 1612 1092 in
1666 1049 1806 1094 variis

242 1118 532 1175 apographis
566 1120 797 1177 legitur2).
861 1121 1020 1165 videas
1053 1121 1139 1165 has
1174 1122 1373 1165 tabulas:

246 1238 519 1294 Menologia
564 1237 739 1282 rustica
913 1240 1150 1283 Ausonius
1364 1242 1765 1285 Hermeneumata

304 1356 582 1401 Sacrificant
610 1356 681 1400 dis
893 1358 1172 1415 Compitalia
1532 1386 1587 1393 --

369 1428 619 1486 penatibus

466 1526 522 1532 —
781 1502 965 1545 Natalis
1015 1502 1277 1544 Herculeus
1538 1529 1584 1534 -

367 1571 629 1615 Parentalia
1001 1597 1055 1603 —-
1434 1574 1696 1617 Parentalia

356 1643 634 1701 Lupercalia
1001 1669 1056 1675 -
1427 1645 1702 1701 Lupercalia

307 1717 424 1760 Cara
457 1715 689 1772 Cognatio
1002 1741 1057 1747 —-
1376 1716 1491 1759 Cara
1526 1717 1758 1772 Cognatio

351 1786 639 1831 Terminalia
1001 1813 1058 1819 —
1423 1787 1708 1831 Terminalia

469 1884 522 1889 —
879 1857 1190 1915 Regifugium
1539 1884 1593 1890 —-

279 1944 462 1974 sacrum
495 1930 726 1973 Mamurio
925 1929 1142 1986 Equirria
1538 1956 1596 1962 —

471 2027 524 2032 --
897 2000 1177 2044 Matronalia
1539 2027 1594 2034 -

289 2071 428 2117 Isidis
461 2071 710 2129 navigium
787 2071 1282 2116 sacrumratisIsiacae
1539 2099 1595 2104 -—

386 2142 620 2191 Liberalia
830 2142 928 2187 ludi
968 2142 1236 2198 Dionysiaci
1451 2143 1685 2190 Liberalia

251 2252 358 2287 ‘Maia
384 2251 600 2287 Mercurium
633 2252 780 2287 creastis
807 2250 908 2293 Idus;
942 2250 1118 2296 Augustis
1151 2250 1241 2286 redit
1272 2250 1393 2286 Idibus
1426 2250 1574 2286 Dianae'
1608 2260 1690 2286 esse
1721 2260 1816 2286 com-

255 2312 405 2354 motum,
431 2313 470 2346 ut
487 2311 553 2346 has
579 2310 660 2346 idus
679 2312 776 2356 ipsas
803 2310 954 2352 aiierret,
982 2310 1190 2355 praesertim
1217 2319 1297 2344 cum
1317 2312 1458 2345 constet
1475 2310 1678 2345 Ausonium
1696 2310 1818 2345 multis

258 2372 337 2406 aliis
362 2380 510 2415 quoque
537 2370 625 2406 locis
652 2380 696 2404 ex
714 2370 879 2405 Martiale
905 2370 1014 2404 verba
1041 2370 1314 2414 sententiasque
1340 2379 1422 2404 esse
1441 2370 1652 2404 mutuatum.
1693 2379 1817 2405 earun-

255 2431 337 2465 dem
369 2430 493 2465 iduum
527 2430 750 2465 mentionem
783 2429 868 2464 iecit
895 2430 1080 2465 Ausonius
1112 2429 1221 2464 etiam
1254 2430 1290 2463 in
1322 2428 1551 2475 genethliaco
1577 2428 1622 2464 ad
1649 2429 1818 2474 nepotem

255 2499 360 2524 51111111
388 2499 420 2524 v.
438 2489 484 2525 23
510 2490 544 2525 et
570 2489 615 2524 24
643 2489 690 2534 (p.
710 2488 780 2525 259
806 2488 873 2532 P.).
927 2489 1024 2524 haud
1058 2489 1133 2524 scio
1167 2497 1212 2524 an
1245 2488 1281 2523 hi
1315 2497 1462 2533 quoque
1494 2497 1619 2523 versus
1645 2488 1820 2530 Ausonio,

258 2558 338 2583 cum
364 2549 457 2584 hanc
483 2548 648 2594 eclogam
675 2548 856 2590 scriberet,
883 2549 955 2583 sint
980 2548 1172 2583 obversati.

402 2609 426 2650 ¹)
453 2607 494 2642 ct.
523 2606 567 2643 G.
586 2606 775 2650 Wissowa,
811 2607 911 2646 Rom.
939 2606 1264 2649 Bauernkalender,
1298 2607 1559 2652 Apophoreton
1587 2606 1712 2642 Graec,
1739 2606 1820 2641 Hal.

261 2667 349 2702 1903
381 2677 415 2711 p.
444 2666 500 2702 51.

402 2726 429 2765 2)
457 2724 562 2770 Corp.
583 2726 695 2771 gloss.
716 2726 773 2761 lat.
795 2725 835 2760 lll
860 2726 901 2761 10
926 2726 1062 2768 (Herm.
1084 2725 1275 2769 Leidens.).
1301 2725 1347 2761 83
1365 2735 1419 2769 sq.
1438 2724 1651 2770 (Amplon.).
1682 2723 1742 2758 171
1765 2732 1818 2768 sq,

260 2784 440 2827 (Monac).
475 2784 544 2820 239
570 2784 755 2829 (Einsidl.).
792 2785 862 2821 294
884 2795 938 2829 sq.
966 2784 1274 2829 (Montepessul.).
1313 2784 1378 2819 371
1409 2784 1592 2827 (Hermen.
1619 2783 1819 2827 Stephani).
