2001 3099
259 283 346 311 nus
391 270 513 311 alma
560 283 717 323 paren-

259 347 363 382 tem,
395 338 406 396 ΙΙ
439 339 617 382 Cuncta
646 353 717 381 su-

259 408 560 466 pergrediens
638 410 716 454 Sa-

260 480 383 524 turni
414 480 612 536 septima
635 481 717 523 lux

259 559 338 595 est.
362 551 373 609 Η
395 553 627 596 Octavum
651 550 717 594 in-

258 622 716 666 stauratrevolubilis

258 694 408 736 orbita
439 694 607 738 Solem.

893 129 1181 167 *58—

791 266 1007 323 quintum
1045 281 1072 309 a
1116 265 1252 308 stella

793 338 928 392 Iovis,
952 352 1092 394 quam
1114 337 1252 393 phae-

792 410 957 453 thonta
967 408 1138 463 dicunt3
1152 423 1251 451 sex·

792 487 891 524 tum
961 496 988 524 a
1052 479 1249 525 Veneris

790 552 936 607 stella,
969 566 1109 609 quam
1141 550 1251 594 luci-

790 624 939 666 ferum
1024 628 1250 677 asserunt,

790 708 909 751 quae
941 693 1062 738 inter
1094 695 1251 738 omnia

790 766 941 808 sidera
984 766 1090 822 plus
1133 766 1250 809 lucis

790 837 948 891 habet3
996 836 1249 894 septimum

790 924 817 951 a
864 909 999 952 stella
1047 908 1250 963 Saturni,

791 994 909 1036 quae
932 978 1131 1036 septimo
1154 995 1251 1023 cae-

790 1052 834 1093 lo
897 1051 1048 1094 locata
1110 1053 1250 1094 XXX

1324 268 1680 322 θενῐοΠυροένῑι.
1703 268 1817 324 Αρης

1325 335 1416 380 δ’ἕὶν
1453 341 1512 393 εἴη
1553 338 1673 385 οὗτος
1716 331 1816 391 παρ’

1315 409 1491 464 ‘Elium

1383 481 1428 521 II
1456 483 1480 522 9
1510 495 1550 536 p.
1575 483 1629 522 28
1662 481 1738 535 τὴν
1773 481 1817 521 δὲ

1323 553 1515 608 τετάρτην
1535 554 1696 608 ἡμέραν
1708 553 1817 592 Στίλ-

1322 624 1447 677 βοντι,
1471 624 1526 664 ἑνὶ
1549 627 1633 665 τῶν
1660 624 1814 677 πλανή-

1322 710 1411 736 των
1442 688 1535 736 κατ)
1564 695 1818 751 Αἰγυπτίους

1324 766 1432 806 οὕτω
1456 766 1706 819 καλουμένῳ
1729 766 1816 807 ἀνέ-

1325 840 1460 879 θεντο.

1385 909 1429 948 H
1460 910 1509 949 10
1532 922 1571 963 p.
1597 910 1652 950 30
1677 907 1749 962 τὴν
1773 908 1817 949 δὲ

1327 981 1524 1037 πέμπτην
1596 980 1816 1027 Φαέθοντι,

1323 1055 1382 1103 τῷ
1404 1051 1578 1092 πάντων
1596 1051 1818 1105 πλανήτων

790 1122 927 1165 annis
980 1123 1125 1166 fertur
1178 1139 1251 1166 ex·
1326 1123 1616 1176 εὐκρατοτάτῳ
1729 1122 1834 1163 οἰνέ-Δ

791 1194 914 1249 plere
953 1209 1138 1238 cursum
1179 1209 1250 1238 su-
1328 1195 1462 1236 ι’)ἐντο.

791 1280 881 1307 um.
1386 1266 1431 1305 ΙΙ
1462 1267 1506 1305 11
1536 1279 1575 1320 p.
1601 1266 1650 1306 31
1677 1264 1750 1318 τὴν
1773 1264 1817 1305 δὲ

1326 1337 1446 1390 ἕκτην
1558 1336 1815 1390 ἀναφέρουσι

1330 1407 1578 1460 Φωσφόρῳ.

1384 1480 1428 1519 Π
1444 1478 1816 1534 12Ρ.33τὴνέβόό-

1322 1567 1406 1604 μην
1423 1551 1586 1604 ἡμέραν
1602 1550 1817 1603 Αἰγύπτιοι

1310 1640 1337 1675 μ
1345 1622 1388 1663 ἐν
1397 1621 1678 1663 καὶΧαλόαῖοι
1689 1635 1816 1674 προσ-

1322 1697 1511 1746 φωιόῦσι
1531 1694 1734 1739 Φαίνοντι,
1750 1693 1816 1734 οὕ-

1322 1778 1380 1805 20)
1403 1765 1491 1805 κατ’
1513 1763 1664 1810 αὐτοὺς
1684 1780 1814 1817 προο-

1324 1836 1621 1889 αγορευομένῳ
1672 1836 1817 1887 doz-*espa

1322 1909 1406 1947 τῶν
1419 1907 1588 1947 πάντων
1603 1907 1816 1960 ἀνωτάτῳ.

399 2059 674 2109 Ausonium,
709 2060 953 2114 Isidorum,
988 2060 1185 2114 Lydum,
1224 2059 1302 2116 qui
1341 2059 1528 2115 quidem
1562 2059 1618 2102 de
1651 2059 1814 2102 diebus

259 2136 476 2186 excerpta
514 2130 652 2186 plane
692 2145 797 2173 cum
843 2129 1053 2174 doctrina
1094 2131 1493 2186 Pythagoreorum
1534 2130 1814 2185 commiscet,

259 2202 317 2243 ad
350 2201 551 2244 eundem
586 2208 824 2244 auctorem
848 2201 1067 2245 ultimum
1092 2202 1305 2244 recedere
1328 2209 1533 2259 apparet,
1566 2215 1671 2245 cum
1694 2201 1814 2245 inter

258 2288 307 2315 se
339 2270 631 2329 apertissime
664 2274 923 2316 concinant.
971 2273 1052 2316 sed
1086 2272 1178 2316 iam
1202 2272 1434 2329 quispiam
1456 2273 1570 2316 mihi
1596 2280 1813 2330 opponat,

259 2344 384 2386 hunc
407 2350 685 2387 concentum
704 2358 751 2387 re
769 2344 870 2400 ipsa
888 2343 1108 2400 explicari
1126 2349 1173 2386 et
1190 2343 1328 2387 vitari
1347 2359 1441 2387 non
1459 2344 1679 2401 potuisse.
1725 2344 1814 2387 hoc

259 2416 515 2470 praefracte
562 2429 697 2471 nego,
745 2430 850 2458 cum
884 2419 991 2467 sstres
1040 2414 1287 2471 scriptores
1332 2415 1379 2458 in
1431 2415 1631 2472 singulis
1675 2416 1813 2459 rebus

261 2485 524 2529 accuratius
558 2485 842 2542 conspirent:
877 2501 1033 2529 nonne
1057 2486 1293 2529 Ausonius
1317 2487 1409 2530 iam
1431 2485 1478 2529 in
1501 2502 1542 2530 v.
1567 2490 1591 2529 2
1616 2487 1813 2530 eandem

261 2556 595 2613 etymologiam
643 2557 860 2600 vocabuli
900 2559 1117 2614 planetae
1163 2564 1304 2614 atque
1351 2558 1557 2600 Isidorus
1609 2556 1813 2600 indicare

260 2628 458 2682 videtur,
482 2642 587 2671 cum
612 2643 689 2671 eas
713 2634 918 2671 errantes
940 2628 1090 2672 dicat?
1126 2642 1262 2685 porro
1287 2627 1522 2671 Ausonius
1545 2627 1667 2672 Solis
1688 2628 1812 2671 diem

260 2713 529 2756 supremum
565 2698 688 2754 dicit,
722 2700 929 2742 Isidorus
960 2700 1115 2744 Solem
1148 2698 1301 2756 ipsum
1324 2698 1580 2756 principem
1603 2698 1811 2742 omnium

262 2769 485 2824 siderum3
518 2785 672 2813 nonne
705 2776 900 2827 uterque
932 2769 1056 2814 idem
1095 2771 1355 2827 intellegit?
1415 2769 1583 2814 deinde
1618 2776 1812 2826 uterque
