2001 3099
855 143 1146 182 —34-

221 281 479 323 doctrinam
529 280 867 325 Varronianam
923 282 1142 337 praebere
1191 282 1285 324 veri
1341 296 1441 324 esse
1489 280 1777 324 simillimum

221 353 360 394 modo
384 351 602 407 vidimus,
626 359 672 395 et
706 367 810 395 cum
845 354 1008 409 ecloga
1033 357 1070 407 8,
1104 368 1195 409 qua
1225 352 1486 396 Ausonium
1521 351 1777 396 doctrinam

222 423 429 466 eiusdem
441 423 662 468 Varronis
674 423 956 479 expressisse
965 438 1092 466 nunc
1104 424 1540 479 demonstrabimus,
1550 423 1779 468 artissime

221 495 502 549 continetur3
547 505 652 537 cum
693 495 856 551 ecloga
895 498 918 537 8
954 502 1025 538 est
1065 494 1205 538 etiam
1245 494 1369 551 prior
1409 509 1515 551 pars
1549 495 1673 538 tituli
1708 495 1779 552 (de

220 566 421 622 ratione)
455 567 645 622 eclogae
669 569 693 607 7
729 566 989 609 communis
1007 567 1048 623 ¹).

362 637 590 682 Venimus
625 638 679 680 ad
712 638 922 694 eclogam
947 641 985 693 8,
1018 652 1137 694 quae
1160 645 1231 681 est
1259 638 1316 681 de
1345 638 1525 681 ratione
1547 637 1777 695 puerperii

219 710 404 754 maturi.
441 709 675 752 Ausonius
709 709 784 751 hic
817 710 1014 752 eandem
1037 709 1297 753 doctrinam
1322 709 1621 753 Chaldaicam
1644 710 1779 752 nobis

221 781 412 824 tradidit
456 788 596 837 atque
636 780 918 824 Censorinus
959 781 1016 824 de
1055 782 1130 824 die
1175 782 1319 824 natali
1359 796 1391 824 c.
1417 784 1455 824 8.
1490 795 1678 824 necesse
1711 788 1781 824 cst

220 852 280 895 sit
312 853 510 895 alterum
544 853 600 895 de
634 852 835 895 duobus:
876 860 957 896 aut
989 852 1226 896 Ausonius
1262 868 1288 895 a
1321 852 1576 895 Censorino
1607 853 1781 909 pendet

220 931 302 967 aut
339 931 537 981 uterque
571 931 806 967 auctorem
842 938 1136 967 communem
1167 925 1388 980 sequitur.
1441 923 1555 967 illud
1580 923 1782 980 sumpsit

218 996 322 1050 Joh.
359 998 482 1038 Kurt
514 998 782 1052 Wagner2).
840 1002 981 1052 atque
1013 996 1106 1038 iam
1141 1003 1249 1039 ante
1284 996 1331 1039 C.
1355 996 1562 1041 Schenkl
1586 996 1780 1038 eandem

220 1066 487 1123 opinionem
528 1067 714 1110 videtur
752 1067 998 1124 amplexus
1038 1068 1191 1125 esse3).
1255 1067 1335 1110 sed
1374 1082 1470 1110 rem
1510 1066 1643 1110 aliter
1680 1081 1781 1109 sese

220 1139 393 1181 habere
426 1153 777 1195 cognoscemUS,
811 1153 916 1181 cum
949 1139 1066 1182 duos
1095 1139 1342 1195 scriptores
1376 1137 1638 1182 accuratius
1660 1137 1782 1180 inter

220 1225 269 1252 se
322 1209 759 1266 comparaverimus.
839 1225 948 1253 nam
1001 1210 1216 1266 quamvis
1268 1210 1430 1264 multa,
1484 1225 1603 1266 quae
1656 1210 1779 1266 apud

220 1288 472 1338 utrumque
503 1281 720 1338 legimus,
753 1282 1014 1336 concinant,
1048 1288 1205 1325 tamen
1236 1282 1491 1324 nonnullae
1522 1281 1782 1337 discrepan-

220 1351 313 1396 tiae
352 1353 573 1407 existunt,
612 1368 636 1396 e
675 1352 843 1409 quibus
883 1354 1032 1396 elucet
1071 1359 1323 1409 utrumque
1361 1354 1538 1396 fontem
1578 1366 1779 1395 commu-

219 1439 328 1467 nem
367 1423 550 1468 adiisse.
630 1431 826 1481 uterque
865 1426 1005 1467 refert
1051 1423 1196 1468 vitam
1239 1430 1446 1467 nostram
1495 1423 1641 1467 stellis
1681 1438 1781 1466 esse

220 1495 492 1540 subiectam.
547 1510 652 1539 cum
677 1511 788 1539 vero
812 1496 1049 1539 Ausonius
1079 1511 1201 1539 unus
1225 1496 1367 1538 addat
1390 1503 1574 1539 terrena
1597 1501 1781 1538 tantum

220 1582 320 1610 esse
352 1566 620 1610 hominibus
654 1568 874 1620 membra,
906 1573 1093 1624 poetam
1127 1568 1215 1610 hoc
1243 1568 1299 1610 de
1323 1581 1407 1610 suo
1431 1566 1665 1610 addidisse
1687 1580 1780 1608 non

219 1645 347 1694 puto.
401 1639 544 1682 immo
578 1639 675 1682 veri
710 1646 780 1682 est
812 1638 962 1682 simile
995 1654 1101 1682 eum
1136 1639 1258 1682 hanc
1281 1638 1576 1692 sententiam,
1610 1638 1781 1694 quippe

366 1784 392 1826 ¹)
420 1793 489 1829 ego
523 1783 669 1828 quidem
702 1785 828 1818 nescio
860 1784 904 1819 ad
937 1793 1045 1828 quem
1080 1784 1189 1819 alium
1222 1783 1359 1818 fontem
1394 1784 1482 1817 haec
1510 1782 1635 1827 ecloga
1661 1783 1705 1817 sit
1731 1791 1782 1816 re-

220 1843 381 1885 terendae
408 1853 527 1887 neque
554 1844 674 1877 tamen
700 1843 874 1884 omittam,
902 1845 931 1877 si
959 1845 1040 1888 quis
1067 1843 1211 1878 aliunde
1230 1844 1312 1878 huic
1331 1844 1532 1887 quaestioni
1551 1841 1782 1876 difficillimae

220 1904 336 1938 lucem
364 1903 534 1937 allaturus
561 1904 616 1944 sit,
644 1903 814 1937 adnotare
842 1903 933 1937 hanc
961 1903 1125 1949 eclogam
1145 1906 1179 1937 et
1198 1911 1339 1937 carmen
1358 1902 1402 1936 de
1425 1901 1657 1946 ponderibus,
1684 1900 1782 1945 quod

220 1963 349 1997 eodem
381 1962 454 1996 fere
481 1965 642 2006 ternpore
675 1971 717 1996 ex
750 1962 881 1997 chartis
908 1962 1089 1997 veteribus
1123 1963 1276 1997 Paeoniis
1303 1962 1338 2005 (i.
1358 1971 1387 1996 e.
1407 1960 1695 2003 medicinalibus)
1728 1963 1782 1994 est

219 2023 460 2067 compositum
488 2021 544 2064 (ct.
565 2021 717 2056 Hultsch
739 2021 759 2055 l.
780 2031 807 2056 c.
824 2032 857 2066 p.
877 2021 922 2056 30
941 2024 1024 2066 sq),
1060 2021 1300 2066 compluriens
1326 2021 1416 2055 inter
1441 2030 1480 2055 se
1507 2021 1704 2055 concinere.
1745 2020 1783 2054 ut

220 2091 345 2117 versus
371 2081 392 2115 2
418 2090 496 2126 sqq.
522 2081 617 2117 illius
649 2082 815 2116 carminis
847 2083 1035 2125 anonymi:
1071 2081 1224 2125 ‘pondus
1257 2081 1363 2116 rebus
1395 2080 1519 2115 natura
1545 2079 1676 2114 locavit
1708 2088 1782 2113 cor-

220 2142 354 2186 poreis:
383 2141 561 2176 elementa
589 2150 696 2176 suum
724 2141 814 2186 regit
841 2141 959 2175 omnia
987 2140 1140 2184 pondus.
1180 2139 1340 2185 pondere
1366 2140 1455 2174 terra
1482 2141 1620 2174 manet:
1646 2147 1782 2173 vacuus

221 2210 367 2245 quoque
398 2200 568 2245 ponderis
602 2201 724 2235 aether
752 2199 933 2234 indefessa
960 2201 1049 2244 rapit
1076 2200 1257 2234 volventis
1283 2199 1399 2234 sidera
1433 2198 1568 2234 mundi’
1596 2207 1675 2232 cum
1701 2207 1733 2231 v.
1763 2196 1777 2232 1

221 2270 299 2305 sqq.
328 2261 362 2294 et
388 2273 422 2294 v.
441 2260 486 2294 28
502 2269 554 2304 sq.
583 2260 733 2305 eclogae
759 2260 991 2294 Ausonianae
1018 2260 1110 2293 certa
1138 2259 1293 2303 quadam
1325 2259 1582 2293 sententiarum
1609 2257 1782 2292 affinitate

220 2321 390 2365 coniungi
425 2329 532 2353 nemo
559 2319 767 2354 infitiabitur
793 2320 952 2362 itemque
979 2328 1011 2352 v.
1031 2318 1076 2353 45
1095 2328 1173 2362 sqq.
1202 2319 1365 2352 carminis
1393 2318 1437 2352 de
1464 2316 1683 2361 ponderibus
1708 2325 1781 2350 non

220 2379 413 2414 dissimiles
447 2388 527 2413 esse
554 2379 704 2413 Ausonii
736 2378 900 2412 versibus
933 2378 978 2413 20
996 2387 1076 2421 sqq.
1110 2379 1179 2412 iarn
1207 2386 1313 2421 supra
1339 2377 1503 2411 diximus.
1555 2376 1712 2419 denique
1738 2374 1780 2409 cf.

220 2439 362 2484 singula
389 2438 509 2479 verba,
538 2439 575 2472 ut
602 2439 716 2481 accipe
743 2448 770 2472 c.
791 2438 822 2472 d.
843 2448 875 2482 p.
897 2447 929 2471 V.
948 2437 1005 2479 32,
1024 2437 1161 2471 Auson.
1182 2446 1213 2471 v.
1234 2437 1272 2477 4;
1298 2447 1493 2478 componere
1519 2445 1547 2469 c.
1567 2435 1599 2469 d.
1621 2444 1652 2478 p.
1672 2444 1704 2469 v.
1724 2434 1781 2479 49,

220 2498 356 2532 Auson.
383 2507 415 2532 v.
439 2497 490 2532 10.
520 2499 643 2532 nescio
668 2507 712 2532 an
732 2498 806 2531 iure
825 2498 998 2531 coniciam
1018 2497 1200 2531 auctorem
1219 2496 1383 2530 carminis
1402 2495 1447 2529 de
1462 2494 1680 2539 ponderibus
1699 2493 1781 2528 doc-

223 2558 347 2591 trinam
374 2566 488 2598 suam,
517 2566 610 2600 quae
637 2566 768 2602 magna
788 2556 894 2590 laude
921 2556 1030 2601 digna
1058 2556 1123 2597 est,
1151 2555 1267 2590 eidem
1295 2555 1442 2590 Varroni
1470 2553 1611 2598 debere,
1639 2563 1681 2587 ex
1709 2563 1781 2597 quo

220 2616 405 2651 Ausonius
433 2625 579 2660 quoque
608 2615 753 2660 pendet.

365 2676 393 2718 2)
421 2674 571 2717 Quaest.
599 2676 800 2709 neotericae
827 2675 999 2719 imprimis
1026 2675 1069 2709 ad
1095 2674 1296 2709 Ausonium
1324 2673 1553 2718 pertinentes,
1581 2672 1665 2706 diss.
1687 2672 1779 2716 Lips.

224 2734 312 2769 1907
334 2745 367 2779 p.
386 2734 442 2769 47.

365 2794 393 2835 ³)
421 2793 462 2828 cf.
483 2794 592 2828 editio
612 2794 688 2829 eius
709 2804 741 2837 p.
761 2793 840 2828 266.
