2001 3099
862 125 1152 164 -92-

229 277 286 305 ex
318 262 546 306 Suetonio
562 264 591 315 ¹)
624 263 834 319 pendens
868 261 1080 320 pluribus
1114 263 1267 307 verbis
1300 264 1556 321 descripsit,
1594 279 1704 322 prae
1736 281 1784 309 se

229 335 330 376 fert.
400 347 513 376 sane
561 332 732 377 dixerit
779 332 1009 390 quispiam
1058 335 1321 378 Ausonium
1368 335 1565 379 fortasse
1606 334 1786 379 circum

229 403 375 447 oeulis
407 403 504 447 suis
538 404 712 448 vidisse
746 404 949 461 indeque
982 420 1133 448 nosse.
1197 407 1277 449 sed
1310 407 1400 449 hoc
1432 412 1504 450 est
1526 405 1622 450 veri
1656 406 1787 450 dissi-

229 475 349 530 mile,
382 489 488 518 cum
511 474 748 518 Ausonius
781 475 828 518 in
862 476 992 519 nullo
1025 476 1228 519 carmine
1260 475 1436 520 indicet
1462 492 1511 520 se
1534 477 1785 534 aliquando

229 546 277 589 in
325 546 439 589 urbe
489 548 640 590 Roma
687 546 841 590 fuisse.
911 546 1070 604 itaque
1114 548 1248 591 facile
1291 549 1349 591 ad
1394 548 1678 592 credendum
1717 555 1788 592 est

231 617 492 660 Ausonium
539 617 615 661 hic
653 633 838 676 quoque
877 619 1138 662 doctrinam
1177 619 1516 664 Suetonianam
1555 620 1787 677 praebere,

230 688 503 746 praesertim
551 703 657 732 cum
705 697 845 747 poeta
883 706 966 747 pro
1005 689 1250 734 duodecim
1289 691 1436 748 portis
1477 692 1583 735 circi
1624 692 1786 735 eodem

231 760 459 804 vocabulo
492 761 609 803 ostia
640 767 778 818 atque
812 762 1132 806 Cassiodorius
1165 762 1192 806 l.
1219 776 1251 805 e.
1286 769 1460 807 utatur.
1524 763 1604 807 sed
1647 761 1787 806 etiam

232 830 521 888 expressiora
559 832 763 889 vestigia
811 832 1018 877 ludicrae
1066 833 1289 877 historiae
1336 834 1381 877 in
1425 835 1560 881 Ludo
1608 840 1788 892 septem

231 902 496 959 sapientum
530 903 766 947 invenisse
799 904 914 947 mihi
948 904 1122 949 videor.
1186 903 1234 947 in
1267 905 1355 949 hoc
1387 906 1523 953 Ludo
1548 905 1789 962 Prologus,

232 989 369 1032 quem
403 973 642 1018 Ausonius
681 976 952 1032 loquentem
990 976 1182 1030 inducit,
1221 976 1463 1021 historiam
1498 975 1667 1021 theatri
1701 978 1790 1019 Ro-

230 1047 356 1090 mani
393 1047 642 1091 adumbrat
673 1046 746 1091 his
781 1048 1004 1091 trimetris
1039 1049 1251 1092 iambicis
1284 1053 1344 1106 (p.
1373 1052 1453 1091 170
1479 1048 1562 1105 P.):

350 1129 512 1173 aedilis
545 1129 655 1174 olim
691 1145 910 1175 scaenam
946 1132 1205 1176 tabulatam
1239 1132 1381 1176 dabat

237 1205 286 1245 15
349 1202 506 1246 subito
538 1201 791 1246 excitatam
825 1203 955 1246 nulla
988 1204 1110 1247 mole
1143 1219 1295 1248 saxea.

352 1276 548 1318 Murena
581 1273 647 1317 sic
680 1281 726 1317 et
759 1274 963 1318 Gallius:
996 1281 1107 1318 nota
1140 1277 1342 1333 eloquar.

349 1352 599 1403 postquam
632 1351 849 1403 potentes
882 1360 968 1389 nec
1000 1352 1221 1390 verentes
1255 1353 1529 1404 sumptuum

352 1432 521 1461 nomen
554 1432 759 1474 perenne
793 1417 1104 1473 crediderunt,
1137 1417 1174 1461 si
1208 1419 1350 1461 semel

352 1495 618 1533 constructa
649 1489 795 1532 moles
828 1504 971 1532 saxeo
1004 1488 1277 1532 fundamine

236 1565 291 1604 20
354 1561 402 1603 in
435 1575 573 1604 omne
607 1567 792 1618 tempus
826 1561 1048 1604 conderet
1079 1560 1202 1604 ludis
1235 1561 1407 1604 locum:

354 1638 554 1676 cuneata
586 1631 734 1676 crevit
765 1633 879 1675 haec
913 1630 1076 1675 theatri
1110 1632 1377 1677 inmanitas

355 1704 606 1761 Pompeius
639 1704 761 1747 hanc
794 1710 841 1747 et
874 1704 1047 1747 Balbus
1080 1709 1127 1747 et
1159 1704 1329 1747 Caesar
1361 1704 1491 1747 dedit

355 1774 646 1820 Octavianus
679 1782 1002 1819 concertantes
1034 1775 1311 1832 sumptibus,

237 1863 329 1891 non
378 1854 494 1905 puto
531 1847 796 1891 Ausonium
845 1845 921 1890 hic
969 1861 1102 1890 suam
1150 1845 1297 1903 ipsius
1346 1846 1655 1890 eruditionem
1694 1861 1794 1903 pro-

236 1909 367 1951 ferre.
431 1914 659 1964 quantum
709 1922 799 1964 ego
843 1905 1109 1950 coniectura
1146 1905 1368 1963 augurari
1408 1920 1610 1963 possum,
1656 1912 1794 1962 poeta

237 1978 314 2023 hic
351 1993 538 2037 quoque
575 1979 803 2022 ludicram
844 1977 1100 2033 historiam,
1139 1976 1187 2020 in
1220 1992 1312 2035 qua
1344 1977 1588 2020 historiam
1624 1976 1793 2020 theatri

238 2057 502 2095 enarratam
534 2050 678 2094 fuisse
705 2049 802 2094 veri
836 2057 906 2093 est
939 2048 1242 2104 simillimum,
1275 2047 1557 2105 compilavit.
1620 2048 1708 2092 hoc
1740 2063 1794 2091 eo

239 2123 393 2181 magis
446 2123 691 2176 credimus,
745 2122 868 2179 quod
918 2120 1173 2166 Suetonius
1228 2120 1368 2164 etiam
1415 2120 1463 2163 in
1510 2118 1637 2164 vitae
1683 2120 1794 2163 Divi

240 2195 444 2252 Augusti
484 2210 521 2240 c.
556 2197 610 2237 29
659 2191 910 2238 Octaviani
959 2199 1005 2236 et
1044 2191 1244 2236 Cornelii
1287 2190 1416 2235 Balbi
1463 2189 1511 2234 in
1560 2191 1795 2235 theatrum

241 2266 406 2311 merita
437 2264 837 2310 commemoravit.

383 2340 438 2382 In
471 2336 567 2381 fine
599 2334 922 2381 adnotaverim
953 2334 1000 2378 iu
1025 2334 1167 2378 dubio
1190 2349 1289 2378 esse
1312 2349 1370 2378 an
1394 2333 1632 2378 Ausonius
1655 2332 1795 2376 etiam

240 2411 372 2454 illum
396 2407 612 2454 Suetonii
634 2409 819 2463 librum,
853 2421 992 2464 quem
1015 2406 1185 2451 Suidas
1219 2406 1304 2449 sub
1334 2404 1471 2449 titulo
1495 2406 1673 2449 Graeco
1704 2405 1798 2459 περὶ

242 2487 328 2525 τῶν
353 2483 396 2524 ἓν
418 2486 501 2528 τοῖς
523 2482 699 2537 βιβλίοὶς
722 2481 908 2535 σημείων
936 2476 1243 2528 enumeravit,
1277 2476 1454 2533 legerit.
1517 2491 1626 2519 nam
1651 2478 1796 2518 Auso-

243 2552 372 2596 nium
398 2552 689 2595 Zenodotum
712 2556 759 2594 et
777 2549 1100 2593 Aristarchum
1122 2563 1376 2605 eorumque
1399 2546 1576 2602 merita,
1599 2561 1796 2604 quorum

243 2623 523 2667 Suetonium
541 2623 589 2666 in
608 2621 687 2666 illo
702 2622 820 2666 libro
838 2621 1124 2665 mentionem
1149 2618 1312 2663 fecisse
1331 2625 1697 2662 consentaneum
1715 2624 1794 2671 est,

246 2694 514 2752 pernovissc
560 2694 707 2738 tribus
750 2693 865 2737 locis
904 2698 1108 2750 apparet.
1180 2689 1330 2747 primo
1368 2691 1469 2734 loco
1508 2690 1619 2746 prof.
1660 2688 1782 2732 Burd

391 2791 416 2836 ¹)
442 2790 483 2826 cf.
511 2791 551 2827 A.
572 2789 828 2830 Reifferscheid
855 2789 875 2824 l.
896 2798 923 2823 c.
952 2798 986 2833 p.
1003 2788 1073 2824 336
1099 2798 1152 2833 sq.
1180 2788 1258 2823 464.
