2001 3099
895 136 1188 176 -70-

263 274 454 319 Isidor.
478 273 643 331 origin.
677 276 720 319 V
743 278 810 330 33,
844 278 869 318 3
940 279 1005 320 11.

322 355 571 400 Ianuarius
614 356 789 401 mensis
827 373 854 401 a
892 360 1006 401 Iano

261 427 426 482 dictus,
468 426 600 471 cuius
637 429 727 472 fuit
763 445 790 472 a
822 429 1007 486 gentili-

262 500 350 542 bus
395 505 710 551 consecratus;
774 501 849 544 vel
900 501 1008 557 quia

264 571 394 613 limes
411 574 456 613 et
471 570 613 613 ianua
628 571 692 614 sit
705 572 833 614 anni.
868 573 1008 617 Unde

264 648 310 684 et
341 641 518 685 bifrons
546 642 669 686 idem
693 645 835 686 Ianus
857 643 1008 701 pingi-

265 720 350 768 tur,
382 719 434 756 ut
462 712 683 757 introitus
704 714 817 757 anni
849 722 897 758 et
918 715 1010 758 exi-

265 791 340 828 tus
372 784 780 830 demonstraretur.
842 787 1009 830 Febru-

266 856 396 898 arius
417 860 714 913 nuncupatur
734 872 761 899 a
783 859 853 900 Fe
866 857 1007 909 bruo,

266 928 316 969 z'a'
333 930 400 970 est
417 927 628 979 Plutone,
658 929 747 971 cui
763 944 816 971 eo
839 944 1011 972 mense

266 998 697 1054 sacrificabatur.
731 1001 856 1044 Nam
874 1002 1011 1044 Ianu-

265 1068 416 1113 arium
448 1068 538 1114 diis
569 1071 761 1128 superis,
811 1072 1011 1115 Februa-

266 1139 388 1184 rium
426 1139 514 1184 diis
555 1142 774 1186 Manibus
810 1142 1010 1186 Romani

267 1219 668 1257 consecraverunt.
705 1215 827 1271 Ergo
848 1215 1013 1258 Febru-

266 1287 390 1326 arius
405 1299 433 1326 a
448 1284 634 1336 Februo,
659 1285 713 1327 z'a'
724 1289 791 1328 est
804 1286 1011 1337 Plutone,

269 1370 359 1398 non
395 1371 423 1398 a
444 1356 590 1412 febre,
629 1355 675 1399 id
709 1363 781 1400 est
812 1357 1014 1413 aegritu-

269 1427 390 1482 dine,
427 1427 708 1471 nominatus.
772 1429 1015 1471 Adartz’us

269 1498 767 1557 appellatusproptcr
783 1501 1015 1543 Martem

269 1571 538 1614 Romanae
592 1571 779 1628 gentis
840 1575 1016 1614 aucto-

272 1656 395 1693 rem,
444 1642 518 1685 vel
558 1642 682 1699 quod
721 1658 774 1686 eo
808 1648 1016 1699 tempore

272 1719 440 1756 cuncta
461 1713 721 1757 animantia
738 1721 937 1768 agantur
958 1714 1016 1757 ad

271 1798 447 1828 marem
493 1791 540 1828 et
577 1785 635 1828 ad
677 1785 1017 1828 concumbendi

274 1855 575 1912 voluptatem.
610 1857 741 1900 Idem
757 1857 1018 1913 appellatur

273 1934 319 1970 ct
336 1926 510 1970 mensis
526 1942 767 1983 novorum,
786 1926 896 1985 quia
907 1926 1017 1971 anni

272 1997 460 2042 initium
493 1999 667 2042 mensis
705 2006 774 2043 est
809 1999 1018 2043 Martius.

274 2070 404 2113 Idem
444 2076 491 2113 et
529 2085 706 2115 novum
739 2086 820 2115 ver
858 2071 916 2115 ab
955 2071 1021 2113 in·

274 2141 407 2184 diciis
425 2139 891 2199 scilicetgerminum,
911 2141 1020 2199 quia

275 2213 322 2255 in
357 2227 411 2255 eo
445 2212 758 2257 viridantibus
790 2214 1020 2257 fructibus

275 2284 410 2327 novis
434 2290 774 2328 transactorum
798 2284 1022 2341 probatur

276 2369 479 2399 occasus.
558 2356 732 2413 Aprilis
780 2370 891 2400 vero
938 2370 1021 2412 pro

278 2428 458 2470 Venere
480 2426 663 2483 dicitur,
687 2426 820 2484 quasi
843 2426 1022 2484 Aphro-

277 2497 364 2552 dis;
422 2499 589 2542 Graece
630 2499 752 2542 enim
789 2493 1021 2557 Ἀφροδίτη

292 2571 441 2612 Venus
472 2570 653 2621 dicitur,
701 2571 776 2613 vel
805 2571 913 2627 quia
944 2571 1022 2613 lzoc

1097 275 1150 318 P]
1163 274 1244 318 aci
1255 275 1283 317 d
1293 289 1322 318 u
1332 289 1353 318 s
1377 276 1746 333 glossographus
1760 280 1806 331 ¹).

1140 358 1386 401 Ianuarius
1433 358 1604 402 dicitur
1648 360 1822 403 mensis

1080 429 1189 472 iano
1199 429 1285 472 deo
1298 433 1823 484 sacratus(consecratus

1083 500 1158 554 G).
1212 502 1354 543 Ianus
1387 501 1651 556 (Ianuarius
1669 503 1730 556 R)
1754 509 1825 545 est

1082 570 1206 614 enim
1239 571 1455 628 princeps
1477 572 1670 615 deorum
1694 572 1825 629 quasi

1081 642 1245 685 mundi
1279 643 1354 686 vel
1377 641 1490 686 caeli
1524 644 1598 687 vel
1621 643 1826 687 siderum

1085 714 1158 758 vel
1195 713 1429 756 mensium
1473 713 1614 758 ianua
1662 717 1826 769 (Ianus

1083 791 1242 828 autem
1272 787 1345 839 R).
1409 785 1488 842 qui
1527 793 1598 830 est
1635 793 1682 829 et
1719 787 1825 843 (om.

1084 858 1145 908 R)
1168 855 1345 899 bifrons
1369 862 1415 899 et
1433 856 1740 913 quadrifmns,
1764 856 1828 900 bi-

1083 928 1211 971 frons
1244 926 1322 984 qui
1356 934 1402 971 et
1430 926 1658 971 orientem
1691 935 1737 972 et
1759 944 1829 972 oc-

1084 999 1318 1042 cidentem
1336 1004 1495 1042 teneat
1511 1005 1557 1043 et
1578 1000 1830 1056 praeterita

1085 1070 1161 1114 vel
1183 1071 1342 1113 futura
1360 1078 1626 1127 cognoscat,
1649 1071 1830 1127 quadri-

1085 1142 1211 1185 frons
1221 1148 1411 1199 propter
1422 1148 1643 1199 quattuor
1654 1143 1830 1199 (om.R)

1086 1214 1318 1257 elementa
1369 1213 1444 1257 vel
1493 1219 1703 1270 tempora
1755 1215 1830 1258 vel

1088 1283 1299 1328 cardines
1337 1282 1514 1329 mundi.
1577 1284 1705 1328 hunc
1736 1285 1832 1342 qui-

1088 1356 1196 1399 dam
1235 1358 1396 1399 Iovem
1441 1355 1630 1412 quidam
1674 1357 1830 1401 Solem

1090 1442 1190 1471 esse
1224 1427 1534 1482 crediderunt,
1569 1427 1681 1484 quia
1702 1428 1834 1470 limes

1090 1503 1134 1542 ct
1170 1499 1312 1541 ianua
1350 1499 1414 1541 sit
1451 1500 1581 1556 (sunt
1611 1498 1669 1557 R)
1707 1500 1832 1542 anni.

1091 1568 1373 1613 Februarius
1406 1570 1580 1614 mensis
1601 1585 1628 1613 a
1651 1569 1833 1613 Februo

1090 1641 1135 1684 id
1176 1647 1247 1684 est
1280 1642 1490 1696 Plutone,
1528 1640 1638 1698 quia
1670 1643 1835 1685 Ianua-

1090 1711 1211 1755 rium
1244 1711 1332 1756 diis
1364 1712 1556 1769 superis,
1596 1710 1835 1755 Februari-

1092 1799 1171 1828 um
1220 1782 1308 1827 diis
1345 1784 1563 1827 manibus
1602 1798 1836 1827 consecra·

1091 1862 1263 1899 verunt
1285 1855 1369 1911 (ita
1393 1855 1501 1899 Isid.
1520 1857 1639 1910 V33,
1664 1858 1703 1910 3,
1736 1870 1836 1898 cum

1092 1938 1148 1972 ><
1167 1938 1222 1971 ><
1241 1938 1296 1972 ><
1330 1940 1409 1969 car
1430 1925 1500 1984 R).
1548 1941 1651 1984 crgo
1672 1926 1835 1969 Febru-

1092 1998 1221 2040 arius
1268 2013 1297 2039 a
1343 1999 1422 2041 deo
1458 1998 1631 2041 Februo
1677 1998 1732 2040 id
1772 2001 1839 2040 est

1093 2070 1282 2112 Plutone
1334 2068 1508 2112 mensis
1561 2069 1838 2112 Februarius

1095 2141 1242 2183 dictus
1274 2144 1350 2191 cst,
1399 2156 1491 2183 non
1527 2156 1555 2183 a
1600 2139 1685 2196 (ita
1718 2140 1837 2193 Isid.‚

1094 2216 1265 2255 natura
1318 2212 1378 2267 R)
1413 2211 1561 2266 febre.
1640 2210 1837 2254 Martius

1097 2282 1273 2338 Martis,
1291 2281 1463 2340 Aprilis
1481 2280 1689 2337 Veneris,
1709 2283 1842 2338 quasi

1094 2355 1280 2412 aproz'lz's
1336 2354 1540 2411 (aperilis
1591 2353 1672 2410 G),
1730 2353 1839 2409 quia

1088 2441 1250 2484 graece
1274 2426 1509 2484 Ἀφροδίτη
1556 2426 1704 2468 Venus
1732 2424 1840 2467 dici-

1097 2502 1187 2546 tur,
1237 2498 1360 2554 quod
1400 2512 1458 2540 ex
1494 2495 1635 2539 maris
1673 2509 1840 2551 spuma

1096 2569 1278 2613 dicatur
1295 2582 1395 2612 esse
1412 2566 1670 2624 progenita.
1703 2567 1842 2623 ἀφρὸς

426 2726 449 2769 ¹)
477 2735 520 2760 ex
540 2726 724 2760 codicibus
744 2725 917 2764 Romanis
938 2728 972 2760 et
995 2725 1101 2760 Libro
1120 2725 1330 2760 mossarum
1355 2721 1627 2757 reconcinnatus
1644 2731 1664 2756 a
1683 2720 1841 2767 Georgio

282 2784 405 2820 Goetz
432 2785 538 2830 Corp.
558 2784 680 2820 Gloss.
701 2785 760 2820 lat.
781 2785 826 2819 VI
855 2795 887 2830 p.
907 2784 987 2820 535.
