<?xml version="1.0" encoding="UTF-8"?>
<!DOCTYPE html PUBLIC "-//W3C//DTD XHTML 1.0 Transitional//EN"
    "http://www.w3.org/TR/xhtml1/DTD/xhtml1-transitional.dtd">
<html xmlns="http://www.w3.org/1999/xhtml" xml:lang="en" lang="en">
 <head>
  <title>
</title>
<meta http-equiv="Content-Type" content="text/html;charset=utf-8" />
  <meta name='ocr-system' content='tesseract 3.04.00' />
  <meta name='ocr-capabilities' content='ocr_page ocr_carea ocr_par ocr_line ocrx_word'/>
</head>
<body>
  <div class='ocr_page' id='page_1' title='image "./devarroneetsueto00reeh_0078.png"; bbox 0 0 2001 3099; ppageno 0'>
   <div class='ocr_carea' id='block_1_1' title="bbox 856 132 1148 171">
    <p class='ocr_par' dir='ltr' id='par_1_1' title="bbox 856 132 1148 171">
     <span class='ocr_line' id='line_1_1' title="bbox 856 132 1148 171; baseline -0.007 -10"><span class='ocrx_word' id='word_1_1' title='bbox 856 132 1148 171; x_wconf 74' lang='grc'><strong>...74-</strong></span> 
     </span>
    </p>
   </div>
   <div class='ocr_carea' id='block_1_2' title="bbox 225 269 1792 1538">
    <p class='ocr_par' dir='ltr' id='par_1_2' title="bbox 225 269 1792 1538">
     <span class='ocr_line' id='line_1_2' title="bbox 226 269 1781 328; baseline 0.001 -16"><span class='ocrx_word' id='word_1_2' title='bbox 226 269 388 313; x_wconf 88' lang='lat' dir='ltr'><strong>eadem</strong></span> <span class='ocrx_word' id='word_1_3' title='bbox 437 269 696 326; x_wconf 86' lang='lat' dir='ltr'><strong>veriloquia</strong></span> <span class='ocrx_word' id='word_1_4' title='bbox 743 269 977 312; x_wconf 86' lang='lat' dir='ltr'><strong>mensium</strong></span> <span class='ocrx_word' id='word_1_5' title='bbox 1022 270 1302 327; x_wconf 86' lang='lat' dir='ltr'><strong>easdemque</strong></span> <span class='ocrx_word' id='word_1_6' title='bbox 1343 270 1594 314; x_wconf 90' lang='lat' dir='ltr'><strong>varietates</strong></span> <span class='ocrx_word' id='word_1_7' title='bbox 1642 278 1781 328; x_wconf 88' lang='lat' dir='ltr'><strong>atque</strong></span> 
     </span>
     <span class='ocr_line' id='line_1_3' title="bbox 227 340 1778 386; baseline 0.001 -4"><span class='ocrx_word' id='word_1_8' title='bbox 227 341 517 383; x_wconf 88' lang='lat' dir='ltr'><strong>Macrobium</strong></span> <span class='ocrx_word' id='word_1_9' title='bbox 566 348 612 383; x_wconf 87' lang='lat' dir='ltr'><strong>et</strong></span> <span class='ocrx_word' id='word_1_10' title='bbox 653 340 917 383; x_wconf 88' lang='lat' dir='ltr'><strong>Ausonium</strong></span> <span class='ocrx_word' id='word_1_11' title='bbox 967 341 1147 384; x_wconf 83' lang='lat' dir='ltr'><strong>tradere</strong></span> <span class='ocrx_word' id='word_1_12' title='bbox 1195 341 1450 386; x_wconf 74' lang='lat' dir='ltr'><strong>videamus</strong></span> <span class='ocrx_word' id='word_1_13' title='bbox 1515 357 1627 385; x_wconf 78' lang='lat' dir='ltr'><strong>sane</strong></span> <span class='ocrx_word' id='word_1_14' title='bbox 1674 357 1778 385; x_wconf 90' lang='lat' dir='ltr'><strong>eum</strong></span> 
     </span>
     <span class='ocr_line' id='line_1_4' title="bbox 225 410 1782 468; baseline 0.001 -13"><span class='ocrx_word' id='word_1_15' title='bbox 225 410 507 455; x_wconf 84' lang='lat' dir='ltr'>Suetonium</span> <span class='ocrx_word' id='word_1_16' title='bbox 545 411 700 467; x_wconf 89' lang='lat' dir='ltr'><strong>ipsum</strong></span> <span class='ocrx_word' id='word_1_17' title='bbox 743 411 1035 455; x_wconf 87' lang='lat' dir='ltr'><strong>consuluisse</strong></span> <span class='ocrx_word' id='word_1_18' title='bbox 1078 411 1378 468; x_wconf 83' lang='lat' dir='ltr'><strong>negabimus,</strong></span> <span class='ocrx_word' id='word_1_19' title='bbox 1427 427 1532 455; x_wconf 89' lang='lat' dir='ltr'><strong>cum</strong></span> <span class='ocrx_word' id='word_1_20' title='bbox 1572 412 1782 456; x_wconf 89' lang='lat' dir='ltr'><strong>doctrina</strong></span> 
     </span>
     <span class='ocr_line' id='line_1_5' title="bbox 227 481 1783 540; baseline 0.001 -15"><span class='ocrx_word' id='word_1_21' title='bbox 227 482 327 525; x_wconf 87' lang='lat' dir='ltr'><strong>eius</strong></span> <span class='ocrx_word' id='word_1_22' title='bbox 357 481 498 525; x_wconf 90' lang='lat' dir='ltr'><strong>nimis</strong></span> <span class='ocrx_word' id='word_1_23' title='bbox 532 481 666 526; x_wconf 84' lang='lat' dir='ltr'><strong>exilis</strong></span> <span class='ocrx_word' id='word_1_24' title='bbox 699 497 752 525; x_wconf 94' lang='lat' dir='ltr'><strong>ac</strong></span> <span class='ocrx_word' id='word_1_25' title='bbox 783 484 966 527; x_wconf 89' lang='lat' dir='ltr'><strong>fuscata</strong></span> <span class='ocrx_word' id='word_1_26' title='bbox 998 483 1224 527; x_wconf 89' lang='lat' dir='ltr'><strong>videatur.</strong></span> <span class='ocrx_word' id='word_1_27' title='bbox 1289 499 1406 540; x_wconf 90' lang='lat' dir='ltr'><strong>quae</strong></span> <span class='ocrx_word' id='word_1_28' title='bbox 1440 499 1545 527; x_wconf 90' lang='lat' dir='ltr'><strong>cum</strong></span> <span class='ocrx_word' id='word_1_29' title='bbox 1578 484 1645 528; x_wconf 83' lang='lat' dir='ltr'><strong>ita</strong></span> <span class='ocrx_word' id='word_1_30' title='bbox 1678 485 1783 539; x_wconf 88' lang='lat' dir='ltr'><strong>sint,</strong></span> 
     </span>
     <span class='ocr_line' id='line_1_6' title="bbox 227 552 1784 612; baseline 0.001 -16"><span class='ocrx_word' id='word_1_31' title='bbox 227 552 330 611; x_wconf 91' lang='lat' dir='ltr'><strong>quis</strong></span> <span class='ocrx_word' id='word_1_32' title='bbox 369 569 452 611; x_wconf 88' lang='lat' dir='ltr'><strong>pro</strong></span> <span class='ocrx_word' id='word_1_33' title='bbox 491 559 617 597; x_wconf 91' lang='lat' dir='ltr'><strong>certo</strong></span> <span class='ocrx_word' id='word_1_34' title='bbox 656 553 860 597; x_wconf 78' lang='lat' dir='ltr'><strong>affirmet</strong></span> <span class='ocrx_word' id='word_1_35' title='bbox 906 554 1138 598; x_wconf 90' lang='lat' dir='ltr'><strong>Isidorum</strong></span> <span class='ocrx_word' id='word_1_36' title='bbox 1177 555 1234 598; x_wconf 89' lang='lat' dir='ltr'><strong>de</strong></span> <span class='ocrx_word' id='word_1_37' title='bbox 1273 562 1365 598; x_wconf 90' lang='lat' dir='ltr'><strong>nat.</strong></span> <span class='ocrx_word' id='word_1_38' title='bbox 1399 570 1483 600; x_wconf 83' lang='lat' dir='ltr'><strong>rer.</strong></span> <span class='ocrx_word' id='word_1_39' title='bbox 1518 558 1584 600; x_wconf 91' lang='lat' dir='ltr'>IV</span> <span class='ocrx_word' id='word_1_40' title='bbox 1619 559 1643 597; x_wconf 87' lang='lat'><strong>2</strong></span> <span class='ocrx_word' id='word_1_41' title='bbox 1678 571 1784 612; x_wconf 88' lang='lat' dir='ltr'><strong>sqq.,</strong></span> 
     </span>
     <span class='ocr_line' id='line_1_7' title="bbox 227 624 1785 683; baseline 0.001 -15"><span class='ocrx_word' id='word_1_42' title='bbox 227 624 396 682; x_wconf 92' lang='lat' dir='ltr'><strong>quibus</strong></span> <span class='ocrx_word' id='word_1_43' title='bbox 428 625 476 668; x_wconf 90' lang='lat' dir='ltr'><strong>in</strong></span> <span class='ocrx_word' id='word_1_44' title='bbox 509 624 818 682; x_wconf 80' lang='lat' dir='ltr'>paragraphis</span> <span class='ocrx_word' id='word_1_45' title='bbox 852 640 959 669; x_wconf 89' lang='lat' dir='ltr'><strong>eum</strong></span> <span class='ocrx_word' id='word_1_46' title='bbox 993 632 1144 669; x_wconf 91' lang='lat' dir='ltr'><strong>totum</strong></span> <span class='ocrx_word' id='word_1_47' title='bbox 1177 627 1270 669; x_wconf 91' lang='lat' dir='ltr'><strong>fere</strong></span> <span class='ocrx_word' id='word_1_48' title='bbox 1303 627 1360 669; x_wconf 89' lang='lat' dir='ltr'><strong>ab</strong></span> <span class='ocrx_word' id='word_1_49' title='bbox 1383 626 1654 683; x_wconf 84' lang='lat' dir='ltr'>Augustino</span> <span class='ocrx_word' id='word_1_50' title='bbox 1677 642 1785 683; x_wconf 88' lang='lat' dir='ltr'><strong>pen-</strong></span> 
     </span>
     <span class='ocr_line' id='line_1_8' title="bbox 227 695 1783 755; baseline 0.001 -16"><span class='ocrx_word' id='word_1_51' title='bbox 227 697 335 739; x_wconf 91' lang='lat' dir='ltr'><strong>dere</strong></span> <span class='ocrx_word' id='word_1_52' title='bbox 357 695 574 751; x_wconf 88' lang='lat' dir='ltr'><strong>vidimus,</strong></span> <span class='ocrx_word' id='word_1_53' title='bbox 607 696 867 740; x_wconf 76' lang='lat' dir='ltr'><strong>doctrinam</strong></span> <span class='ocrx_word' id='word_1_54' title='bbox 890 697 1230 741; x_wconf 87' lang='lat' dir='ltr'><strong>Suetonianam</strong></span> <span class='ocrx_word' id='word_1_55' title='bbox 1253 697 1401 754; x_wconf 85' lang='lat' dir='ltr'><strong>ipsam</strong></span> <span class='ocrx_word' id='word_1_56' title='bbox 1425 698 1674 755; x_wconf 80' lang='lat' dir='ltr'><strong>praebere?</strong></span> <span class='ocrx_word' id='word_1_57' title='bbox 1705 698 1783 740; x_wconf 88' lang='lat' dir='ltr'><strong>sed</strong></span> 
     </span>
     <span class='ocr_line' id='line_1_9' title="bbox 229 768 1787 825; baseline 0.001 -15"><span class='ocrx_word' id='word_1_58' title='bbox 229 782 333 811; x_wconf 87' lang='lat' dir='ltr'><strong>cum</strong></span> <span class='ocrx_word' id='word_1_59' title='bbox 383 768 629 825; x_wconf 88' lang='lat' dir='ltr'><strong>episcopus</strong></span> <span class='ocrx_word' id='word_1_60' title='bbox 668 768 726 811; x_wconf 89' lang='lat' dir='ltr'><strong>de</strong></span> <span class='ocrx_word' id='word_1_61' title='bbox 763 775 854 812; x_wconf 88' lang='lat' dir='ltr'><strong>nat.</strong></span> <span class='ocrx_word' id='word_1_62' title='bbox 878 783 964 812; x_wconf 90' lang='lat' dir='ltr'><strong>rer.</strong></span> <span class='ocrx_word' id='word_1_63' title='bbox 995 784 1028 812; x_wconf 88' lang='lat' dir='ltr'><strong>c.</strong></span> <span class='ocrx_word' id='word_1_64' title='bbox 1060 771 1192 812; x_wconf 88' lang='lat'><strong>1112.</strong></span> <span class='ocrx_word' id='word_1_65' title='bbox 1228 773 1251 812; x_wconf 87' lang='grc'><strong>3</strong></span> <span class='ocrx_word' id='word_1_66' title='bbox 1301 770 1501 812; x_wconf 81' lang='lat' dir='ltr'><strong>frustula</strong></span> <span class='ocrx_word' id='word_1_67' title='bbox 1548 768 1787 812; x_wconf 88' lang='lat' dir='ltr'><strong>doctrinae</strong></span> 
     </span>
     <span class='ocr_line' id='line_1_10' title="bbox 227 838 1787 895; baseline -0.001 -11"><span class='ocrx_word' id='word_1_68' title='bbox 227 839 547 884; x_wconf 88' lang='lat' dir='ltr'><strong>Suetonianae</strong></span> <span class='ocrx_word' id='word_1_69' title='bbox 578 838 839 883; x_wconf 87' lang='lat' dir='ltr'><strong>servavisse</strong></span> <span class='ocrx_word' id='word_1_70' title='bbox 877 839 1012 883; x_wconf 91' lang='lat' dir='ltr'><strong>nobis</strong></span> <span class='ocrx_word' id='word_1_71' title='bbox 1046 839 1107 884; x_wconf 91' lang='lat' dir='ltr'><strong>sit</strong></span> <span class='ocrx_word' id='word_1_72' title='bbox 1139 840 1282 895; x_wconf 86' lang='lat' dir='ltr'><strong>visus,</strong></span> <span class='ocrx_word' id='word_1_73' title='bbox 1319 855 1414 883; x_wconf 91' lang='lat' dir='ltr'><strong>non</strong></span> <span class='ocrx_word' id='word_1_74' title='bbox 1449 839 1654 884; x_wconf 87' lang='lat' dir='ltr'><strong>alienum</strong></span> <span class='ocrx_word' id='word_1_75' title='bbox 1687 855 1787 883; x_wconf 88' lang='lat' dir='ltr'><strong>esse</strong></span> 
     </span>
     <span class='ocr_line' id='line_1_11' title="bbox 227 910 1787 968; baseline 0.001 -15"><span class='ocrx_word' id='word_1_76' title='bbox 227 918 343 968; x_wconf 90' lang='lat' dir='ltr'><strong>puto</strong></span> <span class='ocrx_word' id='word_1_77' title='bbox 392 911 672 966; x_wconf 84' lang='lat' dir='ltr'><strong>examinare,</strong></span> <span class='ocrx_word' id='word_1_78' title='bbox 718 925 833 954; x_wconf 90' lang='lat' dir='ltr'><strong>num</strong></span> <span class='ocrx_word' id='word_1_79' title='bbox 881 910 1023 955; x_wconf 88' lang='lat' dir='ltr'><strong>etiarn</strong></span> <span class='ocrx_word' id='word_1_80' title='bbox 1070 912 1117 954; x_wconf 88' lang='lat' dir='ltr'><strong>in</strong></span> <span class='ocrx_word' id='word_1_81' title='bbox 1167 912 1331 955; x_wconf 88' lang='lat' dir='ltr'><strong>ceteris</strong></span> <span class='ocrx_word' id='word_1_82' title='bbox 1380 911 1610 968; x_wconf 78' lang='lat' dir='ltr'><strong>capitibus</strong></span> <span class='ocrx_word' id='word_1_83' title='bbox 1648 912 1787 955; x_wconf 85' lang='lat' dir='ltr'><strong>huius</strong></span> 
     </span>
     <span class='ocr_line' id='line_1_12' title="bbox 228 981 1788 1039; baseline 0.001 -15"><span class='ocrx_word' id='word_1_84' title='bbox 228 981 384 1037; x_wconf 84' lang='lat' dir='ltr'><strong>libelli,</strong></span> <span class='ocrx_word' id='word_1_85' title='bbox 419 996 539 1039; x_wconf 91' lang='lat' dir='ltr'><strong>quae</strong></span> <span class='ocrx_word' id='word_1_86' title='bbox 572 982 629 1025; x_wconf 89' lang='lat' dir='ltr'><strong>ad</strong></span> <span class='ocrx_word' id='word_1_87' title='bbox 663 988 873 1039; x_wconf 89' lang='lat' dir='ltr'><strong>tempora</strong></span> <span class='ocrx_word' id='word_1_88' title='bbox 896 983 1144 1039; x_wconf 88' lang='lat' dir='ltr'><strong>pertinent,</strong></span> <span class='ocrx_word' id='word_1_89' title='bbox 1178 982 1383 1039; x_wconf 88' lang='lat' dir='ltr'><strong>vestigia</strong></span> <span class='ocrx_word' id='word_1_90' title='bbox 1406 983 1643 1026; x_wconf 87' lang='lat' dir='ltr'><strong>doctrinae</strong></span> <span class='ocrx_word' id='word_1_91' title='bbox 1676 983 1788 1027; x_wconf 86' lang='lat' dir='ltr'><strong>Sue-</strong></span> 
     </span>
     <span class='ocr_line' id='line_1_13' title="bbox 230 1052 1790 1111; baseline 0 -15"><span class='ocrx_word' id='word_1_92' title='bbox 230 1052 448 1097; x_wconf 90' lang='lat' dir='ltr'><strong>tonianae</strong></span> <span class='ocrx_word' id='word_1_93' title='bbox 481 1060 751 1110; x_wconf 87' lang='lat' dir='ltr'><strong>appareant,</strong></span> <span class='ocrx_word' id='word_1_94' title='bbox 785 1054 1060 1110; x_wconf 90' lang='lat' dir='ltr'><strong>praesertim</strong></span> <span class='ocrx_word' id='word_1_95' title='bbox 1093 1069 1198 1097; x_wconf 85' lang='lat' dir='ltr'><strong>cum</strong></span> <span class='ocrx_word' id='word_1_96' title='bbox 1223 1056 1273 1097; x_wconf 90' lang='lat' dir='ltr'><strong>A.</strong></span> <span class='ocrx_word' id='word_1_97' title='bbox 1298 1054 1497 1109; x_wconf 85' lang='lat' dir='ltr'><strong>Schenk,</strong></span> <span class='ocrx_word' id='word_1_98' title='bbox 1530 1053 1608 1111; x_wconf 91' lang='lat' dir='ltr'><strong>qui</strong></span> <span class='ocrx_word' id='word_1_99' title='bbox 1641 1068 1790 1110; x_wconf 85' lang='lat' dir='ltr'><strong>nuper</strong></span> 
     </span>
     <span class='ocr_line' id='line_1_14' title="bbox 229 1124 1791 1180; baseline 0.001 -13"><span class='ocrx_word' id='word_1_100' title='bbox 229 1125 286 1168; x_wconf 91' lang='lat' dir='ltr'><strong>de</strong></span> <span class='ocrx_word' id='word_1_101' title='bbox 319 1124 548 1169; x_wconf 90' lang='lat' dir='ltr'><strong>Suetonio</strong></span> <span class='ocrx_word' id='word_1_102' title='bbox 582 1124 747 1167; x_wconf 87' lang='lat' dir='ltr'><strong>Isidori</strong></span> <span class='ocrx_word' id='word_1_103' title='bbox 781 1132 971 1168; x_wconf 90' lang='lat' dir='ltr'><strong>auctore</strong></span> <span class='ocrx_word' id='word_1_104' title='bbox 1003 1125 1280 1180; x_wconf 86' lang='lat' dir='ltr'><strong>disseruit1),</strong></span> <span class='ocrx_word' id='word_1_105' title='bbox 1314 1126 1484 1168; x_wconf 86' lang='lat' dir='ltr'><strong>dixerit</strong></span> <span class='ocrx_word' id='word_1_106' title='bbox 1515 1140 1663 1168; x_wconf 90' lang='lat' dir='ltr'><strong>unum</strong></span> <span class='ocrx_word' id='word_1_107' title='bbox 1693 1132 1791 1168; x_wconf 91' lang='lat' dir='ltr'><strong>tan—</strong></span> 
     </span>
     <span class='ocr_line' id='line_1_15' title="bbox 231 1194 1789 1254; baseline 0.001 -15"><span class='ocrx_word' id='word_1_108' title='bbox 231 1203 331 1240; x_wconf 89' lang='lat' dir='ltr'><strong>tum</strong></span> <span class='ocrx_word' id='word_1_109' title='bbox 379 1194 520 1239; x_wconf 89' lang='lat' dir='ltr'><strong>huius</strong></span> <span class='ocrx_word' id='word_1_110' title='bbox 567 1194 712 1239; x_wconf 90' lang='lat' dir='ltr'><strong>libelli</strong></span> <span class='ocrx_word' id='word_1_111' title='bbox 768 1195 914 1254; x_wconf 89' lang='lat' dir='ltr'><strong>partis</strong></span> <span class='ocrx_word' id='word_1_112' title='bbox 962 1197 1117 1240; x_wconf 91' lang='lat' dir='ltr'><strong>locum</strong></span> <span class='ocrx_word' id='word_1_113' title='bbox 1164 1196 1265 1239; x_wconf 92' lang='lat' dir='ltr'><strong>iure</strong></span> <span class='ocrx_word' id='word_1_114' title='bbox 1312 1195 1586 1253; x_wconf 86' lang='lat' dir='ltr'><strong>Tranquillo</strong></span> <span class='ocrx_word' id='word_1_115' title='bbox 1635 1195 1789 1240; x_wconf 88' lang='lat' dir='ltr'><strong>tribui.</strong></span> 
     </span>
     <span class='ocr_line' id='line_1_16' title="bbox 231 1266 1792 1311; baseline 0 -1"><span class='ocrx_word' id='word_1_116' title='bbox 231 1266 397 1310; x_wconf 88' lang='lat' dir='ltr'><strong>Isidori</strong></span> <span class='ocrx_word' id='word_1_117' title='bbox 431 1267 555 1310; x_wconf 92' lang='lat' dir='ltr'><strong>enim</strong></span> <span class='ocrx_word' id='word_1_118' title='bbox 590 1267 770 1310; x_wconf 86' lang='lat' dir='ltr'><strong>dierum</strong></span> <span class='ocrx_word' id='word_1_119' title='bbox 794 1268 1020 1311; x_wconf 88' lang='lat' dir='ltr'><strong>fastorum</strong></span> <span class='ocrx_word' id='word_1_120' title='bbox 1047 1266 1374 1311; x_wconf 79' lang='lat' dir='ltr'><strong>definitionem</strong></span> <span class='ocrx_word' id='word_1_121' title='bbox 1408 1283 1442 1310; x_wconf 93' lang='lat' dir='ltr'><strong>c.</strong></span> <span class='ocrx_word' id='word_1_122' title='bbox 1478 1270 1546 1310; x_wconf 85' lang='lat'><strong>14</strong></span> <span class='ocrx_word' id='word_1_123' title='bbox 1581 1284 1607 1310; x_wconf 88' lang='lat' dir='ltr'><strong>a</strong></span> <span class='ocrx_word' id='word_1_124' title='bbox 1629 1268 1792 1311; x_wconf 80' lang='lat' dir='ltr'><strong>Sueto-</strong></span> 
     </span>
     <span class='ocr_line' id='line_1_17' title="bbox 230 1337 1791 1395; baseline 0 -14"><span class='ocrx_word' id='word_1_125' title='bbox 230 1339 309 1382; x_wconf 94' lang='lat' dir='ltr'><strong>nio</strong></span> <span class='ocrx_word' id='word_1_126' title='bbox 342 1353 443 1381; x_wconf 91' lang='lat' dir='ltr'><strong>esse</strong></span> <span class='ocrx_word' id='word_1_127' title='bbox 475 1339 778 1395; x_wconf 91' lang='lat' dir='ltr'><strong>repetendam</strong></span> <span class='ocrx_word' id='word_1_128' title='bbox 812 1354 869 1382; x_wconf 83' lang='lat' dir='ltr'><strong>ex</strong></span> <span class='ocrx_word' id='word_1_129' title='bbox 895 1337 1110 1382; x_wconf 85' lang='lat' dir='ltr'><strong>Priscian.</strong></span> <span class='ocrx_word' id='word_1_130' title='bbox 1144 1341 1262 1383; x_wconf 90' lang='lat' dir='ltr'>VIII</span> <span class='ocrx_word' id='word_1_131' title='bbox 1289 1342 1343 1381; x_wconf 89' lang='lat'><strong>20</strong></span> <span class='ocrx_word' id='word_1_132' title='bbox 1377 1338 1680 1395; x_wconf 84' lang='lat' dir='ltr'><strong>intellegitur,</strong></span> <span class='ocrx_word' id='word_1_133' title='bbox 1712 1338 1791 1395; x_wconf 87' lang='lat' dir='ltr'><strong>qui</strong></span> 
     </span>
     <span class='ocr_line' id='line_1_18' title="bbox 232 1409 1791 1455; baseline -0.001 -2"><span class='ocrx_word' id='word_1_134' title='bbox 232 1410 429 1454; x_wconf 89' lang='lat' dir='ltr'><strong>eandem</strong></span> <span class='ocrx_word' id='word_1_135' title='bbox 474 1409 798 1453; x_wconf 85' lang='lat' dir='ltr'><strong>definitionem</strong></span> <span class='ocrx_word' id='word_1_136' title='bbox 846 1426 871 1453; x_wconf 92' lang='lat' dir='ltr'><strong>e</strong></span> <span class='ocrx_word' id='word_1_137' title='bbox 909 1409 1123 1455; x_wconf 87' lang='lat' dir='ltr'><strong>Suetonii</strong></span> <span class='ocrx_word' id='word_1_138' title='bbox 1170 1413 1412 1453; x_wconf 87' lang='lat' dir='ltr'><strong>Pratorum</strong></span> <span class='ocrx_word' id='word_1_139' title='bbox 1462 1417 1629 1453; x_wconf 90' lang='lat' dir='ltr'><strong>octavo</strong></span> <span class='ocrx_word' id='word_1_140' title='bbox 1676 1409 1791 1453; x_wconf 87' lang='lat' dir='ltr'><strong>libro</strong></span> 
     </span>
     <span class='ocr_line' id='line_1_19' title="bbox 231 1481 1485 1538; baseline 0 -14"><span class='ocrx_word' id='word_1_141' title='bbox 231 1482 380 1525; x_wconf 91' lang='lat' dir='ltr'><strong>refert.</strong></span> <span class='ocrx_word' id='word_1_142' title='bbox 443 1481 605 1525; x_wconf 89' lang='lat' dir='ltr'><strong>videas</strong></span> <span class='ocrx_word' id='word_1_143' title='bbox 637 1482 723 1525; x_wconf 88' lang='lat' dir='ltr'><strong>hos</strong></span> <span class='ocrx_word' id='word_1_144' title='bbox 756 1483 882 1526; x_wconf 90' lang='lat' dir='ltr'><strong>locos</strong></span> <span class='ocrx_word' id='word_1_145' title='bbox 915 1481 1036 1526; x_wconf 92' lang='lat' dir='ltr'><strong>inter</strong></span> <span class='ocrx_word' id='word_1_146' title='bbox 1068 1496 1118 1525; x_wconf 89' lang='lat' dir='ltr'><strong>se</strong></span> <span class='ocrx_word' id='word_1_147' title='bbox 1152 1489 1485 1538; x_wconf 85' lang='lat' dir='ltr'><strong>congruentes:</strong></span> 
     </span>
    </p>
   </div>
   <div class='ocr_carea' id='block_1_3' title="bbox 282 1612 1734 1742">
    <p class='ocr_par' dir='ltr' id='par_1_3' title="bbox 282 1612 1734 1742">
     <span class='ocr_line' id='line_1_20' title="bbox 282 1612 1734 1657; baseline -0.001 -2"><span class='ocrx_word' id='word_1_148' title='bbox 282 1612 472 1657; x_wconf 88' lang='lat' dir='ltr'><strong>Isidor.</strong></span> <span class='ocrx_word' id='word_1_149' title='bbox 507 1612 563 1656; x_wconf 90' lang='lat' dir='ltr'><strong>de</strong></span> <span class='ocrx_word' id='word_1_150' title='bbox 596 1619 690 1656; x_wconf 89' lang='lat' dir='ltr'><strong>nat.</strong></span> <span class='ocrx_word' id='word_1_151' title='bbox 723 1627 806 1657; x_wconf 93' lang='lat' dir='ltr'><strong>rer.</strong></span> <span class='ocrx_word' id='word_1_152' title='bbox 840 1615 917 1657; x_wconf 85' lang='lat'><strong>14.</strong></span> <span class='ocrx_word' id='word_1_153' title='bbox 1101 1612 1362 1657; x_wconf 83' lang='lat' dir='ltr'><strong>Priscian.</strong></span> <span class='ocrx_word' id='word_1_154' title='bbox 1396 1612 1503 1656; x_wconf 91' lang='lat' dir='ltr'><strong>inst.</strong></span> <span class='ocrx_word' id='word_1_155' title='bbox 1538 1614 1654 1657; x_wconf 88' lang='lat' dir='ltr'>VIII</span> <span class='ocrx_word' id='word_1_156' title='bbox 1680 1615 1734 1654; x_wconf 84' lang='lat'><strong>20</strong></span> 
     </span>
     <span class='ocr_line' id='line_1_21' title="bbox 1172 1685 1674 1742; baseline -0.006 -14"><span class='ocrx_word' id='word_1_157' title='bbox 1172 1685 1246 1738; x_wconf 83' lang='lat' dir='ltr'><strong>(G.</strong></span> <span class='ocrx_word' id='word_1_158' title='bbox 1272 1686 1321 1731; x_wconf 81' lang='lat' dir='ltr'><strong>L.</strong></span> <span class='ocrx_word' id='word_1_159' title='bbox 1347 1686 1392 1726; x_wconf 85' lang='lat'><strong>11</strong></span> <span class='ocrx_word' id='word_1_160' title='bbox 1427 1700 1469 1742; x_wconf 86' lang='lat' dir='ltr'><strong>p.</strong></span> <span class='ocrx_word' id='word_1_161' title='bbox 1495 1687 1578 1727; x_wconf 85' lang='lat'><strong>387</strong></span> <span class='ocrx_word' id='word_1_162' title='bbox 1600 1686 1674 1737; x_wconf 83' lang='lat' dir='ltr'><strong>K.)</strong></span> 
     </span>
    </p>
   </div>
   <div class='ocr_carea' id='block_1_4' title="bbox 232 1766 1796 2037">
    <p class='ocr_par' dir='ltr' id='par_1_4' title="bbox 232 1766 1796 1968">
     <span class='ocr_line' id='line_1_22' title="bbox 294 1766 1796 1825; baseline -0.001 -16"><span class='ocrx_word' id='word_1_163' title='bbox 294 1767 422 1811; x_wconf 90' lang='lat' dir='ltr'><strong>Fasti</strong></span> <span class='ocrx_word' id='word_1_164' title='bbox 445 1767 544 1811; x_wconf 92' lang='lat' dir='ltr'><strong>dies</strong></span> <span class='ocrx_word' id='word_1_165' title='bbox 567 1774 689 1822; x_wconf 90' lang='lat' dir='ltr'><strong>sunt,</strong></span> <span class='ocrx_word' id='word_1_166' title='bbox 713 1767 882 1825; x_wconf 89' lang='lat' dir='ltr'><strong>quibus</strong></span> <span class='ocrx_word' id='word_1_167' title='bbox 904 1766 976 1811; x_wconf 91' lang='lat' dir='ltr'><strong>ius</strong></span> <span class='ocrx_word' id='word_1_168' title='bbox 1111 1767 1367 1812; x_wconf 88' lang='lat' dir='ltr'><strong>Suetonius</strong></span> <span class='ocrx_word' id='word_1_169' title='bbox 1399 1767 1448 1810; x_wconf 93' lang='lat' dir='ltr'><strong>in</strong></span> <span class='ocrx_word' id='word_1_170' title='bbox 1477 1769 1594 1811; x_wconf 89' lang='lat' dir='ltr'>VIII</span> <span class='ocrx_word' id='word_1_171' title='bbox 1631 1766 1796 1824; x_wconf 83' lang='lat' dir='ltr'><strong>Pra[e]-</strong></span> 
     </span>
     <span class='ocr_line' id='line_1_23' title="bbox 232 1837 1795 1894; baseline -0.001 -12"><span class='ocrx_word' id='word_1_172' title='bbox 232 1839 375 1893; x_wconf 89' lang='lat' dir='ltr'><strong>fatur,</strong></span> <span class='ocrx_word' id='word_1_173' title='bbox 436 1837 484 1881; x_wconf 88' lang='lat' dir='ltr'><strong>id</strong></span> <span class='ocrx_word' id='word_1_174' title='bbox 546 1845 618 1882; x_wconf 89' lang='lat' dir='ltr'><strong>est</strong></span> <span class='ocrx_word' id='word_1_175' title='bbox 678 1838 866 1894; x_wconf 91' lang='lat' dir='ltr'><strong>dicitur,</strong></span> <span class='ocrx_word' id='word_1_176' title='bbox 926 1846 978 1882; x_wconf 88' lang='lat' dir='ltr'><strong>ut</strong></span> <span class='ocrx_word' id='word_1_177' title='bbox 1052 1846 1219 1882; x_wconf 92' lang='lat' dir='ltr'><strong>torum:</strong></span> <span class='ocrx_word' id='word_1_178' title='bbox 1243 1837 1352 1882; x_wconf 90' lang='lat' dir='ltr'><strong>fasti</strong></span> <span class='ocrx_word' id='word_1_179' title='bbox 1369 1839 1467 1882; x_wconf 89' lang='lat' dir='ltr'><strong>dies</strong></span> <span class='ocrx_word' id='word_1_180' title='bbox 1486 1845 1609 1890; x_wconf 90' lang='lat' dir='ltr'><strong>sunt,</strong></span> <span class='ocrx_word' id='word_1_181' title='bbox 1628 1838 1795 1894; x_wconf 92' lang='lat' dir='ltr'><strong>quibus</strong></span> 
     </span>
     <span class='ocr_line' id='line_1_24' title="bbox 233 1909 1796 1968; baseline -0.001 -14"><span class='ocrx_word' id='word_1_182' title='bbox 233 1910 415 1966; x_wconf 90' lang='lat' dir='ltr'><strong>nefasti,</strong></span> <span class='ocrx_word' id='word_1_183' title='bbox 447 1910 616 1968; x_wconf 87' lang='lat' dir='ltr'><strong>quibus</strong></span> <span class='ocrx_word' id='word_1_184' title='bbox 651 1925 743 1955; x_wconf 90' lang='lat' dir='ltr'><strong>non</strong></span> <span class='ocrx_word' id='word_1_185' title='bbox 775 1910 957 1955; x_wconf 87' lang='lat' dir='ltr'><strong>dicitur.</strong></span> <span class='ocrx_word' id='word_1_186' title='bbox 1052 1911 1125 1953; x_wconf 91' lang='lat' dir='ltr'><strong>ius</strong></span> <span class='ocrx_word' id='word_1_187' title='bbox 1158 1911 1292 1965; x_wconf 87' lang='lat' dir='ltr'><strong>fatur,</strong></span> <span class='ocrx_word' id='word_1_188' title='bbox 1333 1910 1381 1952; x_wconf 92' lang='lat' dir='ltr'><strong>id</strong></span> <span class='ocrx_word' id='word_1_189' title='bbox 1414 1916 1485 1953; x_wconf 89' lang='lat' dir='ltr'><strong>est</strong></span> <span class='ocrx_word' id='word_1_190' title='bbox 1516 1909 1696 1963; x_wconf 88' lang='lat' dir='ltr'><strong>dicitur,</strong></span> <span class='ocrx_word' id='word_1_191' title='bbox 1744 1916 1796 1952; x_wconf 93' lang='lat' dir='ltr'><strong>ut</strong></span> 
     </span>
    </p>

    <p class='ocr_par' dir='ltr' id='par_1_5' title="bbox 1054 1978 1794 2037">
     <span class='ocr_line' id='line_1_25' title="bbox 1054 1978 1794 2037; baseline -0.004 -12"><span class='ocrx_word' id='word_1_192' title='bbox 1054 1982 1235 2036; x_wconf 87' lang='lat' dir='ltr'><strong>nefasti,</strong></span> <span class='ocrx_word' id='word_1_193' title='bbox 1283 1980 1451 2037; x_wconf 91' lang='lat' dir='ltr'><strong>quibus</strong></span> <span class='ocrx_word' id='word_1_194' title='bbox 1489 1995 1582 2023; x_wconf 92' lang='lat' dir='ltr'><strong>non</strong></span> <span class='ocrx_word' id='word_1_195' title='bbox 1616 1978 1794 2022; x_wconf 90' lang='lat' dir='ltr'><strong>dicitur.</strong></span> 
     </span>
    </p>
   </div>
   <div class='ocr_carea' id='block_1_5' title="bbox 238 2110 1800 2670">
    <p class='ocr_par' dir='ltr' id='par_1_6' title="bbox 238 2110 1800 2670">
     <span class='ocr_line' id='line_1_26' title="bbox 380 2110 1795 2171; baseline -0.004 -14"><span class='ocrx_word' id='word_1_196' title='bbox 380 2115 461 2157; x_wconf 90' lang='lat' dir='ltr'><strong>sed</strong></span> <span class='ocrx_word' id='word_1_197' title='bbox 485 2114 542 2157; x_wconf 92' lang='lat' dir='ltr'><strong>de</strong></span> <span class='ocrx_word' id='word_1_198' title='bbox 575 2120 667 2157; x_wconf 89' lang='lat' dir='ltr'><strong>nat.</strong></span> <span class='ocrx_word' id='word_1_199' title='bbox 691 2128 775 2158; x_wconf 90' lang='lat' dir='ltr'><strong>rer.</strong></span> <span class='ocrx_word' id='word_1_200' title='bbox 801 2129 834 2157; x_wconf 93' lang='lat' dir='ltr'><strong>c.</strong></span> <span class='ocrx_word' id='word_1_201' title='bbox 859 2116 906 2156; x_wconf 93' lang='lat' dir='ltr'><strong>II</strong></span> <span class='ocrx_word' id='word_1_202' title='bbox 931 2117 956 2156; x_wconf 82' lang='lat'>2</span> <span class='ocrx_word' id='word_1_203' title='bbox 990 2127 1175 2171; x_wconf 87' lang='lat' dir='ltr'><strong>quoque</strong></span> <span class='ocrx_word' id='word_1_204' title='bbox 1197 2111 1539 2156; x_wconf 86' lang='lat' dir='ltr'><strong>Suetonianum</strong></span> <span class='ocrx_word' id='word_1_205' title='bbox 1572 2125 1683 2164; x_wconf 84' lang='lat' dir='ltr'><strong>esse,</strong></span> <span class='ocrx_word' id='word_1_206' title='bbox 1717 2110 1795 2152; x_wconf 88' lang='lat' dir='ltr'><strong>ubi</strong></span> 
     </span>
     <span class='ocr_line' id='line_1_27' title="bbox 238 2179 1797 2243; baseline -0.004 -14"><span class='ocrx_word' id='word_1_207' title='bbox 238 2185 471 2229; x_wconf 87' lang='lat' dir='ltr'><strong>Isidorum</strong></span> <span class='ocrx_word' id='word_1_208' title='bbox 506 2185 747 2229; x_wconf 88' lang='lat' dir='ltr'><strong>Placidum</strong></span> <span class='ocrx_word' id='word_1_209' title='bbox 787 2185 1186 2243; x_wconf 84' lang='lat' dir='ltr'><strong>glossographum</strong></span> <span class='ocrx_word' id='word_1_210' title='bbox 1225 2184 1281 2226; x_wconf 90' lang='lat' dir='ltr'><strong>ad</strong></span> <span class='ocrx_word' id='word_1_211' title='bbox 1320 2183 1461 2226; x_wconf 90' lang='lat' dir='ltr'><strong>verba</strong></span> <span class='ocrx_word' id='word_1_212' title='bbox 1501 2179 1797 2238; x_wconf 84' lang='lat' dir='ltr'><strong>descripsisse</strong></span> 
     </span>
     <span class='ocr_line' id='line_1_28' title="bbox 239 2252 1799 2311; baseline -0.004 -11"><span class='ocrx_word' id='word_1_213' title='bbox 239 2260 283 2300; x_wconf 88' lang='lat' dir='ltr'><strong>P.</strong></span> <span class='ocrx_word' id='word_1_214' title='bbox 308 2258 527 2302; x_wconf 89' lang='lat' dir='ltr'><strong>Wessner</strong></span> <span class='ocrx_word' id='word_1_215' title='bbox 559 2256 586 2299; x_wconf 89' lang='lat' dir='ltr'><strong>l.</strong></span> <span class='ocrx_word' id='word_1_216' title='bbox 618 2272 651 2299; x_wconf 91' lang='lat' dir='ltr'><strong>c.</strong></span> <span class='ocrx_word' id='word_1_217' title='bbox 682 2255 876 2311; x_wconf 91' lang='lat' dir='ltr'><strong>monuit,</strong></span> <span class='ocrx_word' id='word_1_218' title='bbox 917 2257 971 2299; x_wconf 89' lang='lat' dir='ltr'><strong>G.</strong></span> <span class='ocrx_word' id='word_1_219' title='bbox 995 2256 1224 2301; x_wconf 88' lang='lat' dir='ltr'><strong>Wissowa</strong></span> <span class='ocrx_word' id='word_1_220' title='bbox 1255 2255 1283 2298; x_wconf 94' lang='lat' dir='ltr'><strong>l.</strong></span> <span class='ocrx_word' id='word_1_221' title='bbox 1309 2269 1342 2297; x_wconf 93' lang='lat' dir='ltr'><strong>c.</strong></span> <span class='ocrx_word' id='word_1_222' title='bbox 1372 2268 1414 2310; x_wconf 92' lang='lat' dir='ltr'><strong>p.</strong></span> <span class='ocrx_word' id='word_1_223' title='bbox 1444 2256 1494 2296; x_wconf 89' lang='lat'><strong>31</strong></span> <span class='ocrx_word' id='word_1_224' title='bbox 1532 2252 1799 2295; x_wconf 87' lang='lat' dir='ltr'><strong>luculentis-</strong></span> 
     </span>
     <span class='ocr_line' id='line_1_29' title="bbox 238 2324 1797 2382; baseline -0.004 -11"><span class='ocrx_word' id='word_1_225' title='bbox 238 2327 355 2371; x_wconf 88' lang='lat' dir='ltr'><strong>sime</strong></span> <span class='ocrx_word' id='word_1_226' title='bbox 378 2326 733 2382; x_wconf 87' lang='lat' dir='ltr'><strong>demonstravit,</strong></span> <span class='ocrx_word' id='word_1_227' title='bbox 766 2341 871 2370; x_wconf 92' lang='lat' dir='ltr'><strong>cum</strong></span> <span class='ocrx_word' id='word_1_228' title='bbox 897 2327 1128 2370; x_wconf 89' lang='lat' dir='ltr'><strong>Isidorum</strong></span> <span class='ocrx_word' id='word_1_229' title='bbox 1152 2340 1257 2369; x_wconf 85' lang='lat' dir='ltr'><strong>cum</strong></span> <span class='ocrx_word' id='word_1_230' title='bbox 1285 2325 1486 2368; x_wconf 88' lang='lat' dir='ltr'><strong>Macrob.</strong></span> <span class='ocrx_word' id='word_1_231' title='bbox 1510 2324 1604 2368; x_wconf 88' lang='lat' dir='ltr'><strong>Sat.</strong></span> <span class='ocrx_word' id='word_1_232' title='bbox 1627 2325 1646 2365; x_wconf 93' lang='lat'>1</span> <span class='ocrx_word' id='word_1_233' title='bbox 1672 2325 1709 2376; x_wconf 88' lang='lat'><strong>3,</strong></span> <span class='ocrx_word' id='word_1_234' title='bbox 1748 2325 1797 2364; x_wconf 89' lang='lat'><strong>12</strong></span> 
     </span>
     <span class='ocr_line' id='line_1_30' title="bbox 240 2392 1798 2457; baseline -0.006 -14"><span class='ocrx_word' id='word_1_235' title='bbox 240 2414 334 2457; x_wconf 89' lang='lat' dir='ltr'><strong>sqq.</strong></span> <span class='ocrx_word' id='word_1_236' title='bbox 369 2405 416 2442; x_wconf 91' lang='lat' dir='ltr'><strong>et</strong></span> <span class='ocrx_word' id='word_1_237' title='bbox 454 2398 691 2442; x_wconf 88' lang='lat' dir='ltr'><strong>Censorin.</strong></span> <span class='ocrx_word' id='word_1_238' title='bbox 756 2399 812 2441; x_wconf 92' lang='lat' dir='ltr'><strong>de</strong></span> <span class='ocrx_word' id='word_1_239' title='bbox 843 2399 884 2440; x_wconf 91' lang='lat' dir='ltr'><strong>d.</strong></span> <span class='ocrx_word' id='word_1_240' title='bbox 920 2413 961 2441; x_wconf 89' lang='lat' dir='ltr'><strong>n.</strong></span> <span class='ocrx_word' id='word_1_241' title='bbox 996 2401 1050 2440; x_wconf 86' lang='lat'><strong>24</strong></span> <span class='ocrx_word' id='word_1_242' title='bbox 1092 2398 1330 2443; x_wconf 81' lang='lat' dir='ltr'><strong>conferret.</strong></span> <span class='ocrx_word' id='word_1_243' title='bbox 1394 2395 1464 2439; x_wconf 91' lang='lat' dir='ltr'><strong>vir</strong></span> <span class='ocrx_word' id='word_1_244' title='bbox 1503 2392 1798 2437; x_wconf 87' lang='lat' dir='ltr'><strong>doctissimus</strong></span> 
     </span>
     <span class='ocr_line' id='line_1_31' title="bbox 240 2465 1799 2527; baseline -0.004 -14"><span class='ocrx_word' id='word_1_245' title='bbox 240 2471 415 2527; x_wconf 88' lang='lat' dir='ltr'><strong>optime</strong></span> <span class='ocrx_word' id='word_1_246' title='bbox 448 2471 584 2513; x_wconf 89' lang='lat' dir='ltr'><strong>docet</strong></span> <span class='ocrx_word' id='word_1_247' title='bbox 621 2470 667 2512; x_wconf 88' lang='lat' dir='ltr'><strong>in</strong></span> <span class='ocrx_word' id='word_1_248' title='bbox 703 2469 880 2512; x_wconf 89' lang='lat' dir='ltr'><strong>Isidoro</strong></span> <span class='ocrx_word' id='word_1_249' title='bbox 913 2470 1073 2512; x_wconf 88' lang='lat' dir='ltr'><strong>foedas</strong></span> <span class='ocrx_word' id='word_1_250' title='bbox 1107 2467 1465 2524; x_wconf 89' lang='lat' dir='ltr'><strong>depravationes</strong></span> <span class='ocrx_word' id='word_1_251' title='bbox 1505 2466 1626 2508; x_wconf 92' lang='lat' dir='ltr'><strong>solas</strong></span> <span class='ocrx_word' id='word_1_252' title='bbox 1665 2465 1799 2507; x_wconf 91' lang='lat' dir='ltr'><strong>nobis</strong></span> 
     </span>
     <span class='ocr_line' id='line_1_32' title="bbox 242 2536 1800 2595; baseline -0.004 -11"><span class='ocrx_word' id='word_1_253' title='bbox 242 2557 341 2585; x_wconf 88' lang='lat' dir='ltr'><strong>esse</strong></span> <span class='ocrx_word' id='word_1_254' title='bbox 364 2541 690 2595; x_wconf 88' lang='lat' dir='ltr'><strong>detrahendas,</strong></span> <span class='ocrx_word' id='word_1_255' title='bbox 714 2547 767 2583; x_wconf 92' lang='lat' dir='ltr'><strong>ut</strong></span> <span class='ocrx_word' id='word_1_256' title='bbox 785 2540 1017 2583; x_wconf 87' lang='lat' dir='ltr'><strong>Isidorum</strong></span> <span class='ocrx_word' id='word_1_257' title='bbox 1037 2541 1096 2583; x_wconf 88' lang='lat' dir='ltr'><strong>ad</strong></span> <span class='ocrx_word' id='word_1_258' title='bbox 1114 2540 1314 2582; x_wconf 89' lang='lat' dir='ltr'><strong>eundem</strong></span> <span class='ocrx_word' id='word_1_259' title='bbox 1333 2544 1569 2581; x_wconf 91' lang='lat' dir='ltr'><strong>auctorem</strong></span> <span class='ocrx_word' id='word_1_260' title='bbox 1586 2536 1800 2579; x_wconf 91' lang='lat' dir='ltr'><strong>recedere</strong></span> 
     </span>
     <span class='ocr_line' id='line_1_33' title="bbox 242 2606 1799 2670; baseline -0.004 -14"><span class='ocrx_word' id='word_1_261' title='bbox 242 2627 593 2670; x_wconf 86' lang='lat' dir='ltr'><strong>cognoscamus,</strong></span> <span class='ocrx_word' id='word_1_262' title='bbox 612 2627 750 2668; x_wconf 89' lang='lat' dir='ltr'><strong>quem</strong></span> <span class='ocrx_word' id='word_1_263' title='bbox 771 2611 1054 2656; x_wconf 88' lang='lat' dir='ltr'><strong>Censorinus</strong></span> <span class='ocrx_word' id='word_1_264' title='bbox 1072 2617 1119 2654; x_wconf 92' lang='lat' dir='ltr'><strong>et</strong></span> <span class='ocrx_word' id='word_1_265' title='bbox 1135 2609 1397 2654; x_wconf 89' lang='lat' dir='ltr'><strong>Macrobius</strong></span> <span class='ocrx_word' id='word_1_266' title='bbox 1416 2606 1799 2664; x_wconf 83' lang='lat' dir='ltr'><strong>compilaverunt.</strong></span> 
     </span>
    </p>
   </div>
   <div class='ocr_carea' id='block_1_6' title="bbox 265 2724 524 2727">
    <p class='ocr_par' dir='ltr' id='par_1_7' title="bbox 265 2724 524 2727">
     <span class='ocr_line' id='line_1_34' title="bbox 265 2724 524 2727; baseline 0 0"><span class='ocrx_word' id='word_1_267' title='bbox 265 2724 524 2727; x_wconf 95' lang='lat' dir='ltr'><strong> </strong></span> 
     </span>
    </p>
   </div>
   <div class='ocr_carea' id='block_1_7' title="bbox 390 2779 751 2825">
    <p class='ocr_par' dir='ltr' id='par_1_8' title="bbox 390 2779 751 2825">
     <span class='ocr_line' id='line_1_35' title="bbox 390 2779 751 2825; baseline -0.006 -10"><span class='ocrx_word' id='word_1_268' title='bbox 390 2781 414 2824; x_wconf 90' lang='lat'><strong>¹)</strong></span> <span class='ocrx_word' id='word_1_269' title='bbox 441 2780 462 2815; x_wconf 94' lang='lat' dir='ltr'><strong>l.</strong></span> <span class='ocrx_word' id='word_1_270' title='bbox 491 2790 518 2815; x_wconf 89' lang='lat' dir='ltr'><strong>c.</strong></span> <span class='ocrx_word' id='word_1_271' title='bbox 546 2790 579 2825; x_wconf 91' lang='lat' dir='ltr'><strong>p.</strong></span> <span class='ocrx_word' id='word_1_272' title='bbox 607 2779 653 2815; x_wconf 88' lang='grc'><strong>65</strong></span> <span class='ocrx_word' id='word_1_273' title='bbox 672 2790 751 2824; x_wconf 89' lang='lat' dir='ltr'><strong>sqq.</strong></span> 
     </span>
    </p>
   </div>
  </div>
 </body>
</html>
