2001 3099
784 140 1075 178 -33-

154 286 323 321 rectam
373 277 601 320 adhibeat.
650 292 730 333 pro
763 284 977 320 sextante
1016 280 1039 320 i.
1060 293 1097 320 e.
1138 278 1319 320 duabus
1364 278 1512 321 unciis
1552 280 1709 330 forma,

154 365 270 403 quae
303 348 537 391 simillima
571 356 640 390 est
672 347 852 390 litterae
885 349 1090 391 Graecae
1116 349 1193 401 ζῐ),
1227 347 1272 389 in
1309 348 1464 390 codice
1491 348 1710 390 Bei‘nensi

155 420 360 476 pouitur;
395 417 502 460 huic
525 419 753 461 sextantis
791 425 927 461 uotae
958 418 1156 462 adicitur
1190 419 1343 461 brevis
1368 419 1490 461 linea
1513 420 1712 475 obliqiia,

157 497 208 532 ut
230 490 475 546 quadrans,
500 490 577 545 qui
603 504 658 531 ex
684 489 830 532 tribus
858 490 1005 532 unciis
1030 497 1224 542 constat,
1248 490 1543 545 exprimatur.
1591 505 1708 546 quae

154 576 257 603 cum
282 561 345 603 ita
367 560 471 614 sint,
506 560 644 603 etiam
671 575 727 602 ex
752 560 824 602 his
848 561 970 603 notis
994 575 1215 617 apparere
1240 559 1424 603 videtur
1443 560 1703 603 Ausonium

153 632 199 674 in
245 631 360 674 assis
403 631 614 686 partibus
649 632 973 687 comparandis
1019 646 1113 674 non
1160 630 1231 674 sui
1269 630 1490 688 temporis
1534 646 1708 674 morem

153 703 351 755 reddere,
390 703 468 744 sed
503 718 559 744 ex
597 703 759 744 eodem
793 709 983 745 auctore
1016 703 1228 758 pendere,
1267 717 1325 745 ex
1358 717 1449 758 quo
1482 703 1707 758 reliquam

152 772 408 815 doctrinam
448 773 493 814 in
536 774 623 815 hac
663 773 826 828 ecloga
870 773 1142 829 depositam,
1186 788 1304 829 quae
1338 773 1525 829 quidem
1559 773 1709 815 multo

151 843 363 887 subtilior
385 852 465 896 est,
500 843 670 886 hausit.
722 845 842 886 lianc
873 851 1031 886 autern
1055 843 1221 887 iterum
1248 843 1587 888 Varronianam
1611 858 1710 887 esse

152 930 203 956 ea
242 915 298 956 de
337 929 476 957 causa
522 915 696 970 opinor,
745 915 866 970 quod
911 915 957 956 in
1006 914 1228 958 Varronis
1273 914 1401 957 libris
1447 915 1503 957 (16
1547 915 1709 970 lingua

152 985 294 1028 latina
349 985 679 1041 superstitibus
729 985 903 1027 similes
953 985 1213 1028 sententiae
1261 985 1576 1028 inveniuntur.
1658 992 1709 1028 ut

150 1059 194 1098 X
217 1060 271 1098 59
311 1057 430 1098 lianc
471 1056 753 1099 sententiam
793 1057 1011 1112 legimus:
1059 1060 1222 1112 ‘neque
1260 1056 1415 1099 minus
1448 1055 1494 1098 in
1528 1055 1710 1099 fornici-

151 1129 236 1170 bus
270 1135 454 1184 propter
487 1127 724 1170 sinistram
758 1128 920 1170 dextra
953 1135 1057 1182 stat,
1107 1143 1244 1183 quam
1279 1136 1467 1184 propter
1496 1128 1707 1170 dextram

150 1198 362 1242 sinistra'.
429 1214 545 1254 quac
580 1199 720 1241 verba
755 1207 955 1254 cognata
988 1206 1099 1241 sunt
1131 1214 1233 1241 cum
1278 1198 1488 1241 versibus
1513 1198 1706 1241 Ausonii

293 1277 344 1312 ut
376 1271 581 1312 medium
614 1269 651 1312 si
687 1269 788 1326 quis
827 1272 968 1313 vellat
1001 1271 1057 1312 de
1090 1271 1265 1313 fornice
1298 1284 1476 1323 saxum,

295 1342 576 1384 incumbunt
609 1341 681 1384 cui
717 1349 894 1395 cuncta,
928 1341 1065 1384 simul
1100 1343 1279 1385 devexa
1313 1348 1567 1398 sequentur

292 1420 442 1456 cetera
476 1427 862 1469 communemque
897 1413 1083 1455 trahent
1117 1428 1141 1455 a
1177 1411 1349 1456 vertice
1381 1413 1577 1468 lapsum.

149 1491 387 1540 praeterea
419 1499 537 1540 quae
577 1485 633 1526 de
666 1499 767 1526 asse
798 1485 991 1540 eiusque
1014 1483 1224 1540 partibus
1256 1485 1303 1525 in
1338 1484 1425 1526 hac
1454 1484 1615 1539 ecloga
1650 1483 1707 1525 le-

149 1556 316 1610 gimus,
349 1554 518 1597 similia
542 1570 642 1597 esse
665 1555 741 1608 eis,
775 1569 892 1610 quae
922 1555 978 1597 de
1001 1556 1025 1597 1.
1051 1556 1074 1597 l.
1100 1557 1141 1598 V
1170 1558 1248 1596 172
1272 1555 1443 1611 scripta
1467 1554 1705 1598 videmus:

149 1633 208 1669 ‘et
251 1641 304 1668 ea
349 1641 467 1682 quae
500 1626 836 1668 deminuuntur
880 1626 946 1668 ita
978 1632 1100 1681 sunt,
1140 1632 1192 1669 ut
1230 1633 1462 1668 extremas
1502 1625 1705 1680 syllabas

148 1698 361 1751 habeant,
395 1704 446 1740 ut
468 1697 625 1740 deunx
649 1697 838 1752 dempta
861 1695 1009 1751 uncia,
1033 1697 1231 1740 dextans
1261 1697 1451 1753 dempto
1475 1703 1702 1748 sextante,

149 1769 349 1811 dodrans
396 1769 584 1824 dempto
632 1769 902 1824 quadrante,
964 1769 1057 1821 bes,
1105 1774 1158 1810 ut
1205 1767 1315 1810 olim
1369 1768 1461 1821 des,
1515 1768 1704 1824 dempto

150 1838 327 1881 triente'
346 1854 483 1881 nemo
501 1838 706 1894 negabit.
741 1838 851 1895 quid
870 1840 1032 1894 porro?
1080 1854 1234 1881 nonne
1254 1839 1395 1881 etiam
1413 1840 1704 1882 enumeratio

147 1910 368 1952 librarum
402 1910 622 1954 Varronis
656 1925 755 1952 esse
789 1910 985 1963 videtur,
1024 1909 1102 1965 qui
1136 1911 1192 1952 de
1232 1911 1256 1952 1.
1287 1910 1314 1952 1.
1347 1912 1414 1951 ΙΧ
1443 1913 1492 1952 18
1526 1911 1582 1952 (16
1616 1911 1703 1954 viis

149 1979 257 2023 solis
297 1988 343 2024 et
381 1982 521 2023 lunae
561 1981 745 2036 legibus
785 1982 986 2024 aeternis
1027 1980 1296 2023 constitutis
1330 1987 1376 2023 et
1408 1980 1454 2022 in
1489 1984 1703 2037 sequenti

148 2053 443 2107 paragrapho
490 2053 578 2107 (19)
625 2053 681 2094 de
715 2052 920 2094 aestibus
958 2051 1206 2094 maritimis
1246 2051 1382 2094 certis
1417 2053 1702 2107 temporibus

149 2123 356 2164 ordinem
388 2137 524 2165 suum
551 2122 847 2165 servantibus
879 2124 1020 2166 verba
1044 2123 1164 2177 facit,
1198 2123 1412 2178 quamvis
1435 2122 1499 2165 ibi
1522 2126 1606 2166 has
1630 2139 1702 2167 res

149 2194 290 2248 longe
313 2194 402 2236 alia
425 2194 604 2236 ratione
628 2194 893 2237 intueatur?
925 2194 1035 2249 quid
1060 2194 1275 2236 tandem?
1313 2209 1468 2236 nonne
1492 2209 1548 2236 ex
1573 2194 1702 2237 libris

150 2264 206 2305 de
242 2264 407 2320 lingua
444 2263 590 2307 latina
632 2265 803 2306 scimus
841 2266 1095 2308 Varronem
1143 2265 1308 2320 ipsum,
1353 2265 1391 2306 si
1432 2279 1569 2320 quam
1604 2280 1700 2308 rem

150 2333 380 2390 attigerat,
414 2350 512 2377 eam
539 2334 750 2390 pluribus
785 2336 937 2378 verbis
972 2350 1202 2391 exponere
1236 2335 1424 2378 solitum
1460 2351 1570 2389 esse,
1596 2351 1699 2379 cum

151 2405 392 2448 sententiis
426 2406 533 2460 suis,
574 2413 625 2448 ut
657 2405 722 2448 ita
756 2407 920 2460 dicam,
954 2407 1197 2449 serendum
1222 2421 1269 2448 se
1294 2407 1452 2449 daret?
1505 2408 1699 2449 eandem

150 2483 306 2518 autem
345 2478 731 2519 consuetudinem
772 2484 931 2519 auctor
964 2477 1374 2519 doctrinae·liuius
1408 2478 1596 2533 eclogae
1631 2485 1701 2520 est

150 2554 348 2589 secutus.
410 2548 502 2590 huc
534 2549 723 2599 accedit,
757 2549 879 2604 quod
913 2549 1029 2590 haec
1058 2550 1219 2603 ecloga
1255 2548 1502 2590 traditione
1530 2548 1630 2604 ipsa
1654 2556 1700 2592 et

151 2623 273 2659 certa
316 2619 513 2673 quadam
559 2618 826 2674 argumenti
876 2619 1104 2661 affinitate
1144 2634 1247 2661 cum
1288 2620 1449 2674 ecloga
1485 2622 1521 2673 6,
1559 2633 1699 2675 quam

296 2772 321 2811 1)
348 2771 389 2810 cf.
414 2771 565 2807 Hultsch
593 2772 699 2816 praef.
729 2783 760 2817 p.
791 2772 861 2807 XX.
