2001 3099
794 149 847 156 ..-

166 283 313 310 mense
351 267 502 309 omnia
546 266 821 322 aperiuntur
856 265 904 307 in

165 339 348 392 florem,
362 337 719 394 quasiAperilis.
743 336 906 378 Maius

167 410 312 451 dictus
343 423 370 450 α
401 408 532 450 Maia
565 411 706 449 matre
728 408 905 449 Mercu-

168 481 252 525 rii:
299 480 373 522 vel
415 494 442 521 α
488 478 729 520 maioribus
776 481 903 527 natu,

168 551 249 608 qui
283 554 415 593 erant
442 549 675 606 principes
722 552 790 590 rei
820 554 905 603 pu-

167 622 316 664 blicae.
336 622 459 663 Nam
473 621 594 662 liunc
607 633 798 662 mensem
813 633 905 661 ma-

166 692 344 743 ioribus,
367 694 621 747 sequentem
644 705 745 732 vero
767 690 905 732 mino-

167 763 287 805 ribus
302 762 510 804 Romani
522 763 904 804 consecraverunt.

175 834 305 878 Unde
334 837 379 875 et
395 833 560 875 Iunius
582 832 762 874 dicitur.
795 832 839 873 A
853 846 906 873 n·

166 909 249 948 tea
281 905 418 947 enim
443 904 678 960 populus
711 903 767 944 in
791 917 905 945 cen-

167 976 342 1018 turias
372 975 647 1017 seniorum
681 977 730 1016 et
759 973 905 1015 iuni-

166 1062 308 1090 orum
342 1046 554 1088 divisus
586 1048 712 1087 erat.
757 1042 905 1086 Iulius

166 1132 275 1162 vero
315 1124 362 1160 et
392 1117 637 1172 Augustus
676 1114 734 1158 de
765 1114 906 1157 hono-

166 1189 293 1232 ribus
316 1187 572 1241 hominum,
606 1184 713 1229 Iulii
747 1191 794 1228 et
816 1186 907 1228 Au-

166 1258 293 1316 gusti
334 1259 599 1308 Caesarum,
648 1256 905 1313 nuncupati

166 1337 285 1374 sunt.
349 1331 486 1372 Nam
514 1327 665 1384 prius
690 1327 907 1382 Quinti-

166 1401 234 1444 lis
272 1408 324 1443 et
360 1399 594 1443 Sextilis
633 1398 907 1442 vocaban-

167 1480 273 1515 tur:
307 1468 543 1526 Quintilis,
577 1469 686 1525 quia
715 1468 907 1526 quintus

166 1549 265 1586 crat
296 1557 323 1585 a
357 1541 537 1595 Martio,
570 1554 708 1596 quem
740 1538 907 1596 princi-

166 1628 271 1670 pem
305 1611 414 1655 anni
442 1617 673 1654 testantur
694 1625 795 1654 esse
819 1612 909 1653 Ro-

166 1682 312 1736 mani;
334 1681 526 1727 Sextilis
544 1680 767 1735 similiter,
785 1681 908 1737 quod

168 1761 340 1797 sextus.
371 1753 630 1809 September
645 1766 814 1795 nomen
831 1752 909 1794 ha-

167 1825 246 1868 bet
278 1839 305 1866 α
337 1838 522 1866 numero
554 1830 600 1866 et
631 1823 777 1866 imbre
802 1823 909 1880 quia

167 1895 383 1952 septimus
415 1898 481 1937 est
509 1910 536 1937 a
559 1893 728 1937 Martio
762 1900 808 1937 et
828 1894 910 1936 im-

168 1967 270 2009 bres
288 1966 443 2009 habet.
476 1964 566 2009 Sic
583 1971 635 2008 et
658 1965 910 2018 October,

170 2036 482 2080 November
504 2042 668 2093 atque
690 2038 912 2079 Decem-

170 2109 264 2151 ber
303 2122 365 2150 ex
397 2120 625 2150 numero
648 2113 700 2150 et
727 2105 912 2150 imbri-

170 2179 269 2221 bus
284 2178 910 2234 acceperuntvocabula3

172 2264 309 2306 quem
328 2263 575 2292 numerum
590 2249 911 2292 decurrentem

174 2321 430 2363 December
451 2319 568 2374 finit,
601 2334 683 2377 pro
712 2335 766 2363 eo
788 2320 911 2376 quod

172 2390 388 2434 denarius
450 2404 670 2433 numerus
732 2405 912 2447 praece-

173 2462 335 2505 dentes
368 2475 586 2505 numeros
619 2461 804 2505 claudit.

912 127 960 166 71

978 264 1102 308 enim
1137 278 1301 320 graece
1323 277 1489 320 spuma
1522 270 1601 306 est.
1647 264 1717 306 vel

977 334 1149 391 Aprilis
1182 335 1299 384 ideo,
1335 335 1444 390 quia
1472 335 1550 376 lzoc
1574 349 1721 376 mense

978 410 1123 448 terrae
1163 406 1305 447 omnis
1345 405 1546 461 aperitur
1589 409 1721 457 (ferra

978 477 1123 519 omnis
1159 477 1366 532 aperitur
1405 477 1455 518 in
1501 476 1564 531 G)
1608 476 1723 518 fruc-

979 554 1067 591 tus.
1131 547 1292 588 Maius
1330 561 1356 588 α
1389 547 1532 596 Maia,
1583 549 1723 588 matre

979 618 1213 669 Mercurii,
1231 618 1305 660 vel
1318 633 1345 659 α
1367 617 1619 667 maioribth
1644 617 1726 673 qui

979 693 1109 732 erant
1137 689 1368 745 principes
1411 688 1480 730 rei
1508 688 1721 743 publicae.

979 776 1083 803 nam
1100 775 1245 803 unum
1258 773 1451 802 mensem
1465 758 1722 808 maioribus,

978 835 1233 888 sequentem
1257 830 1438 886 antiqui
1467 830 1723 871 ium'arl‘bus

981 905 1306 945 consecrarunt.
1338 901 1460 943 unde
1492 904 1536 941 et
1556 900 1724 941 samius

980 974 1163 1016 dicitur.
1227 971 1375 1014 Iulius
1413 971 1460 1015 in
1499 971 1722 1013 honorem

981 1044 1028 1088 C.
1064 1043 1170 1086 Iulii
1201 1041 1409 1086 Caesaris
1431 1041 1723 1098 imperatoris

982 1114 1194 1168 Romani,
1225 1114 1469 1169 Augustus
1502 1113 1548 1155 in
1583 1112 1724 1155 hono-

980 1201 1075 1228 rem
1128 1185 1332 1241 Augusti
1386 1182 1524 1226 simili
1584 1182 1723 1225 modo

980 1257 1274 1314 imperatoris
1348 1254 1567 1308 Romani,
1645 1253 1723 1309 qui

981 1327 1165 1372 Caesari
1189 1326 1422 1370 successit.
1469 1325 1726 1382 September

981 1414 1007 1441 α
1040 1413 1240 1450 numero,
1275 1398 1379 1454 quia
1400 1397 1618 1453 septimus
1641 1399 1721 1437 cst:

982 1469 1048 1512 sic
1071 1468 1213 1512 etiam
1236 1468 1448 1522 October,
1472 1465 1579 1522 quia
1603 1473 1724 1509 octa—

981 1555 1069 1585 vus
1091 1547 1171 1583 est.
1219 1538 1432 1583 similiter
1455 1544 1501 1581 et
1523 1540 1725 1580 Novem-

982 1612 1073 1666 ber,
1121 1611 1230 1668 quia
1263 1624 1413 1653 nonus
1454 1615 1536 1662 est,
1581 1608 1724 1650 etita

983 1682 1251 1736 December,
1283 1680 1392 1738 quia
1423 1678 1631 1723 decimus
1655 1686 1725 1721 est

983 1752 1169 1797 mensis.
