2001 3099
818 138 1108 178 „77-

187 283 292 325 idus
320 282 331 340 Η
353 284 612 324 Nonarum·
685 280 793 321 hinc
815 280 978 320 Nonas
999 276 1250 319 aestimant
1324 289 1364 330 p.
1384 277 1451 327 47,
1489 276 1540 314 10
1573 307 1580 314 .
1604 306 1611 313 .
1635 306 1642 313 .
1675 272 1745 317 τὰς

189 368 278 410 que
294 353 417 395 diem
435 351 612 396 faciunt
685 350 846 403 dictas,
914 347 1047 404 quasi
1100 361 1250 390 novae
1324 347 1368 387 δὲ
1380 343 1745 397 Εἶόοὺςφίιὶῆγουν

188 424 308 467 infra
330 430 433 466 octo
452 436 612 466 secun·
684 420 873 463 initium
897 416 1248 469 observationis,
1317 416 1454 470 Ἡλίῳ
1486 415 1701 469 ἀνέφερον.

189 495 612 552 di1).11Haeesunt
684 492 759 535 vel
809 491 930 547 quod
977 490 1033 532 ab
1080 503 1135 531 eo
1174 488 1249 529 die

194 568 408 608 Romano
427 571 610 607 tantum
685 576 867 619 semper
884 561 941 603 ad
954 561 1065 602 Idus
1077 573 1245 602 novem

189 635 613 680 trianominamen-
687 633 784 676 dies
819 638 1058 690 putantur.

189 707 246 761 si'3
274 707 295 765 Η
323 706 485 750 Cetera
532 719 614 762 per
750 707 813 747 18.
840 704 950 746 Idus
968 716 1130 746 omnes
1149 699 1250 744 Iovi

188 792 406 821 numeros
501 782 612 820 sunt
685 775 884 819 tributas
933 780 979 816 et
1026 770 1249 818 Varronis

189 855 501 905 cognomenta
521 846 612 890 die·
686 844 1022 903 etpontiiicalis
1033 843 1251 886 adfirmat

188 933 302 963 rum.
688 916 953 961 auctoritas.

331 1062 409 1105 ecl.
432 1063 551 1104 XIII
576 1060 835 1118 exponitur,
859 1057 1062 1116 ‘quoteni
1080 1057 1178 1100 dies
1201 1055 1434 1100 mensium
1451 1055 1746 1110 singulorum

190 1132 305 1176 sint'.
370 1146 509 1189 quam
541 1147 638 1175 rem
662 1130 943 1176 Suetonium
974 1143 1160 1187 quoque
1192 1126 1486 1184 expedivisse
1508 1133 1555 1169 et
1585 1140 1666 1182 per
1697 1140 1746 1168 se

193 1211 558 1247 consentaneum
577 1209 648 1246 est
665 1210 710 1246 et
728 1200 1020 1258 intellegitur
1038 1215 1095 1243 ex
1115 1199 1314 1243 Macrob.
1332 1199 1429 1243 Sat.
1445 1199 1465 1239 I
1489 1200 1552 1252 15,
1571 1201 1596 1240 7
1615 1203 1662 1240 et
1683 1200 1745 1246 12,

190 1278 261 1320 34.
305 1273 451 1331 igitur
473 1273 612 1318 etiam
635 1273 713 1317 hic
736 1273 971 1316 Ausonius
993 1271 1219 1316 Suetonio
1242 1269 1311 1314 uti
1335 1268 1497 1326 potuit.
1518 1268 1595 1311 ecl.
1614 1270 1747 1321 XIII,

190 1361 280 1403 qua
318 1349 421 1402 ‘quo
464 1360 626 1389 mense
667 1351 837 1401 quotae
877 1358 1028 1386 nonae
1065 1343 1139 1386 vel
1180 1341 1285 1384 idus
1324 1340 1430 1384 sint'
1476 1338 1746 1396 explicatur,

189 1418 359 1460 iterum
381 1416 660 1461 Suetonium
695 1430 797 1459 esse
820 1428 1090 1470 expressum
1123 1419 1354 1456 concentu
1382 1412 1503 1454 inter
1536 1411 1745 1465 eclogam

191 1495 238 1531 et
270 1488 467 1531 Macrob.
491 1488 585 1532 Sat.
618 1489 638 1529 I
678 1490 740 1541 12,
774 1490 813 1532 3.
864 1488 926 1540 15,
960 1489 984 1527 7
1018 1484 1335 1528 intercedente
1373 1482 1659 1536 adducimur,
1694 1488 1748 1523 ut

191 1560 452 1603 credamus:

191 1681 393 1722 Auson.
427 1679 505 1721 ecl.
539 1679 685 1720 XIIII
714 1692 755 1734 p.
784 1680 865 1719 100
889 1679 932 1719 P.
1089 1674 1322 1718 Macrob.
1356 1673 1453 1717 Sat.
1489 1675 1508 1714 I
1538 1675 1602 1727 12,
1634 1676 1671 1715 3,

262 1763 327 1805 At
377 1776 525 1804 nonas
576 1760 716 1803 modo
768 1766 933 1816 quarta
1069 1763 1389 1813 ...quattuor
1404 1770 1527 1810 vero,
1544 1754 1750 1807 Martius,

192 1833 351 1890 aperit,
365 1833 502 1875 niodo
519 1837 650 1875 sexta
664 1832 803 1874 refert
819 1831 936 1889 luxu
1010 1830 1174 1883 Maius,
1208 1827 1446 1883 Quintilis,
1469 1827 1671 1871 October
1689 1858 1697 1865 .
1714 1861 1722 1868 .
1741 1861 1748 1868 .

191 1904 335 1948 Sexta
387 1904 528 1946 refert
576 1903 670 1945 Mai
719 1901 934 1946 Octobris
1008 1900 1295 1957 septimanas
1347 1898 1524 1941 habent
1576 1899 1750 1947 Nonas,

194 1973 448 2031 Martisque
480 1987 668 2017 recursu
705 1973 726 2031 ΙΙ
760 1973 823 2019 Et
855 1972 933 2029 qui
1008 1971 1147 2015 ceteri
1181 1969 1442 2027 quintanas.

192 2044 391 2089 solstitio
424 2060 509 2088 sua
542 2052 751 2101 tempora
785 2044 933 2086 Iulius
1067 2042 1134 2098 15,
1158 2046 1182 2084 7
1213 2040 1431 2084 omnibus
1450 2047 1606 2084 tamen
1624 2054 1750 2081 nien-

191 2116 342 2160 infert.
364 2116 385 2173 Η
406 2117 568 2159 Cetera
590 2130 696 2173 pars
719 2129 932 2158 mensum
1008 2113 1136 2157 sibus
1169 2128 1226 2156 ex
1258 2111 1332 2154 die
1361 2113 1605 2154 Nonarum
1638 2112 1750 2152 Idus

193 2187 370 2243 quartis
401 2193 472 2230 est
501 2185 712 2243 praedita
743 2185 895 2240 nonis;
924 2185 936 2244 ΙΙ
1007 2200 1131 2228 nono
1169 2184 1243 2227 die
1285 2181 1620 2239 repraesentari
1658 2183 1751 2237 pla-

194 2259 370 2301 Omnes
388 2272 498 2301 vero
521 2256 625 2301 idus
649 2264 814 2301 octava
831 2257 934 2300 luce
1008 2255 1113 2300 cuit.

193 2334 447 2373 recurrunt.

335 2461 487 2503 neque
520 2446 804 2500 dubitamus,
837 2446 948 2503 quin
980 2445 1187 2501 reliquae
1210 2458 1372 2487 omnes
1396 2444 1598 2499 eclogae,
1631 2457 1750 2498 quae

197 2531 299 2561 cum
335 2518 409 2561 his
442 2517 612 2571 eclogis
647 2515 879 2560 artissima
911 2516 1179 2571 argumenti
1218 2514 1450 2557 affinitate
1490 2513 1750 2566 cohaerent,

340 2672 365 2716 ¹)
391 2671 542 2706 Ausonii
564 2671 689 2707 verba:
717 2670 987 2714 ‘Nonarumque
1013 2670 1107 2704 diem
1134 2669 1266 2704 faciunt
1293 2668 1380 2703 infra
1407 2669 1487 2702 octo
1514 2667 1673 2702 secundi'
1701 2667 1751 2701 sic

196 2731 402 2776 intellegas:
428 2731 612 2765 Nonarum
638 2731 734 2765 diem
761 2729 918 2764 efficiunt
946 2729 1003 2764 vel
1030 2729 1214 2763 adducunt
1240 2730 1320 2762 octo
1347 2727 1425 2761 dies
1451 2727 1538 2761 infra
1557 2727 1750 2770 sequentes

198 2793 260 2835 (sc.
287 2790 331 2824 ab
358 2789 478 2825 Idibus
508 2790 707 2833 numerati).
