2001 3099
798 134 1087 172 *93*

170 274 287 314 XIII
313 276 337 313 3
371 272 429 328 (p.
456 274 509 313 62
546 272 608 327 Ρ.)
641 272 698 314 de
730 270 903 315 Citario
936 271 1238 323 grammatico
1274 270 1596 326 Burdigalensi
1631 271 1718 313 hoc

170 343 423 397 praedicat:

313 414 453 459 Esset
484 413 740 457 Aristarchi
774 413 859 455 tibi
895 413 1043 469 gloria
1077 411 1394 469 Zenodotique

382 484 643 541 Graiorum,
677 483 894 541 antiquos
928 485 965 527 si
999 490 1272 541 sequeretur
1303 485 1461 528 honos.

170 555 314 598 altero
347 557 446 599 loco
479 556 573 599 lud.
608 562 724 612 sept.
758 571 851 613 sap.
883 571 925 599 v.
955 559 1000 598 11
1029 570 1121 612 sqq.
1156 558 1214 612 (p.
1244 558 1323 598 169
1349 555 1416 612 Ρ.)
1447 561 1585 611 poeta
1609 557 1721 597 Dre-

172 625 364 683 panium
398 633 509 681 orat,
542 634 595 670 ut
626 641 788 670 versus
822 641 931 670 suos
964 625 1212 681 examinet,
1245 625 1318 669 his
1351 626 1577 669 versibus:

215 700 222 707 '
316 697 530 741 Maeonio
563 698 748 755 qualem
783 699 960 741 cultum
993 696 1226 754 quaesivit
1258 699 1465 740 Homero

382 783 543 812 censor
573 767 871 813 Aristarchus
904 782 1160 825 normaque
1193 767 1436 811 Zenodoti!

311 854 433 895 pone
465 840 623 884 obelos
654 840 803 897 igitur
833 839 1088 897 primorum
1122 846 1371 883 stemmata
1386 842 1417 894 ¹)
1450 846 1613 883 vatum

383 912 573 967 palmas,
605 926 697 955 non
731 912 891 969 culpas
924 926 1024 955 esse
1057 911 1233 968 putabo
1265 926 1393 955 meas

314 988 360 1026 et
391 988 593 1026 correcta
624 983 777 1039 magis
810 996 949 1040 quam
983 983 1293 1026 condemnata
1325 982 1514 1036 vocabo,

383 1053 587 1110 adponet
619 1052 742 1097 docti
776 1067 894 1110 quae
926 1052 1042 1096 mihi
1075 1053 1186 1096 lima
1218 1052 1320 1097 viri.

173 1123 371 1180 denique
410 1123 552 1168 etiam
591 1124 727 1168 tertio
768 1125 869 1168 loco
908 1125 1012 1168 illos
1051 1125 1168 1168 duos
1210 1124 1543 1181 grammaticos
1576 1125 1724 1178 affert,

173 1195 385 1251 quamvis
416 1210 510 1238 non
543 1196 763 1251 nominet,
797 1210 864 1253 ep.
887 1197 1008 1239 XIII
1043 1212 1083 1240 v.
1108 1199 1162 1238 27
1185 1211 1282 1253 sqq.
1315 1195 1373 1254 (p.
1397 1198 1482 1238 244
1509 1195 1597 1253 P.):

316 1265 585 1322 Harmonio,
609 1281 747 1324 quem
771 1267 1009 1323 Claranus,
1032 1281 1172 1325 quem
1194 1267 1397 1312 Scaurus
1420 1273 1466 1311 et
1488 1266 1646 1324 Asper,

386 1352 524 1395 quem
557 1336 645 1381 sibi
679 1339 910 1382 conferret
940 1339 1088 1383 Varro
1120 1336 1335 1395 priorque
1369 1338 1528 1382 Crates

316 1409 488 1466 quique
520 1407 848 1453 sacrilacerum
880 1408 1071 1466 collegit
1103 1423 1269 1466 corpus
1303 1408 1497 1453 Homeri

387 1479 558 1537 quique
590 1487 726 1524 notas
759 1479 928 1537 spuriis
961 1480 1177 1525 versibus
1211 1479 1439 1537 adposuit.

176 1551 255 1594 sed
298 1551 646 1595 concedendum
688 1557 759 1594 est
796 1551 1058 1594 Ausonium
1098 1551 1202 1594 illos
1241 1551 1358 1595 duos
1397 1552 1728 1607 grammaticos

177 1622 317 1666 etiarn
349 1621 538 1666 aliunde
561 1629 613 1666 ut
645 1637 703 1666 ex
726 1621 948 1667 Varronis
972 1622 1372 1677 Hebdomadibus,
1404 1636 1519 1679 quas
1541 1629 1725 1679 poetam

176 1692 438 1750 possedisse
469 1692 653 1749 scimuS,
686 1699 822 1737 notos
854 1693 1027 1737 habere
1059 1693 1279 1750 potuisse.

322 1826 345 1870 ¹)
375 1826 591 1862 vocabulum
616 1828 796 1861 stemmata
822 1836 841 1861 a
867 1825 1050 1861 codicibus
1074 1826 1274 1872 praebitum
1299 1835 1372 1861 non
1399 1835 1480 1861 esse
1506 1826 1729 1867 mutandum,

176 1894 257 1920 cum
281 1887 432 1920 stemma
450 1885 545 1921 idem
562 1885 680 1921 valeat
697 1885 805 1930 atque
822 1886 1024 1927 asteriscus,
1049 1885 1307 1921 demonstravit
1326 1885 1370 1920 H.
1385 1885 1549 1927 Zimmer‚
1575 1885 1730 1921 Hermae

177 1945 247 1979 vol.
267 1943 385 1979 XXIX
413 1944 504 1979 1894
530 1954 563 1989 p.
581 1944 649 1980 317
675 1954 728 1989 sq.
