<?xml version="1.0" encoding="UTF-8"?>
<!DOCTYPE html PUBLIC "-//W3C//DTD XHTML 1.0 Transitional//EN"
    "http://www.w3.org/TR/xhtml1/DTD/xhtml1-transitional.dtd">
<html xmlns="http://www.w3.org/1999/xhtml" xml:lang="en" lang="en">
 <head>
  <title>
</title>
<meta http-equiv="Content-Type" content="text/html;charset=utf-8" />
  <meta name='ocr-system' content='tesseract 3.04.00' />
  <meta name='ocr-capabilities' content='ocr_page ocr_carea ocr_par ocr_line ocrx_word'/>
</head>
<body>
  <div class='ocr_page' id='page_1' title='image "./devarroneetsueto00reeh_0010.png"; bbox 0 0 2001 3099; ppageno 0'>
   <div class='ocr_carea' id='block_1_1' title="bbox 876 147 1135 185">
    <p class='ocr_par' dir='ltr' id='par_1_1' title="bbox 876 147 1135 185">
     <span class='ocr_line' id='line_1_1' title="bbox 876 147 1135 185; baseline 0 -12"><span class='ocrx_word' id='word_1_1' title='bbox 876 147 1135 185; x_wconf 43' lang='lat' dir='ltr'>„mg-</span> 
     </span>
    </p>
   </div>
   <div class='ocr_carea' id='block_1_2' title="bbox 221 283 1757 1326">
    <p class='ocr_par' dir='ltr' id='par_1_2' title="bbox 221 283 1757 1326">
     <span class='ocr_line' id='line_1_2' title="bbox 370 283 1600 328; baseline 0.002 -2"><span class='ocrx_word' id='word_1_2' title='bbox 370 284 446 327; x_wconf 89' lang='lat' dir='ltr'>hic</span> <span class='ocrx_word' id='word_1_3' title='bbox 479 283 643 328; x_wconf 81' lang='lat' dir='ltr'>habuit</span> <span class='ocrx_word' id='word_1_4' title='bbox 676 284 856 328; x_wconf 89' lang='lat' dir='ltr'>decimo</span> <span class='ocrx_word' id='word_1_5' title='bbox 891 285 1120 328; x_wconf 86' lang='lat' dir='ltr'>celebrata</span> <span class='ocrx_word' id='word_1_6' title='bbox 1158 286 1395 328; x_wconf 84' lang='lat' dir='ltr'>volumine</span> <span class='ocrx_word' id='word_1_7' title='bbox 1432 287 1600 328; x_wconf 78' lang='lat' dir='ltr'>Marcei</span> 
     </span>
     <span class='ocr_line' id='line_1_3' title="bbox 370 354 1585 412; baseline 0.002 -15"><span class='ocrx_word' id='word_1_8' title='bbox 370 356 637 410; x_wconf 89' lang='lat' dir='ltr'>hebdomas,</span> <span class='ocrx_word' id='word_1_9' title='bbox 670 356 746 399; x_wconf 89' lang='lat' dir='ltr'>hic</span> <span class='ocrx_word' id='word_1_10' title='bbox 779 355 888 399; x_wconf 89' lang='lat' dir='ltr'>clari</span> <span class='ocrx_word' id='word_1_11' title='bbox 923 354 1118 412; x_wconf 86' lang='lat' dir='ltr'>viguere</span> <span class='ocrx_word' id='word_1_12' title='bbox 1155 356 1431 399; x_wconf 82' lang='lat' dir='ltr'>Menecratis</span> <span class='ocrx_word' id='word_1_13' title='bbox 1464 364 1585 399; x_wconf 88' lang='lat' dir='ltr'>artes</span> 
     </span>
     <span class='ocr_line' id='line_1_4' title="bbox 368 427 1757 484; baseline 0.002 -16"><span class='ocrx_word' id='word_1_14' title='bbox 368 434 508 482; x_wconf 82' lang='lat' dir='ltr'>atque</span> <span class='ocrx_word' id='word_1_15' title='bbox 542 427 718 483; x_wconf 81' lang='lat' dir='ltr'><strong>Ephesi</strong></span> <span class='ocrx_word' id='word_1_16' title='bbox 752 434 961 484; x_wconf 87' lang='lat' dir='ltr'>spectata</span> <span class='ocrx_word' id='word_1_17' title='bbox 994 441 1161 470; x_wconf 85' lang='lat' dir='ltr'>manus</span> <span class='ocrx_word' id='word_1_18' title='bbox 1194 429 1267 470; x_wconf 88' lang='lat' dir='ltr'>vel</span> <span class='ocrx_word' id='word_1_19' title='bbox 1303 428 1348 470; x_wconf 89' lang='lat' dir='ltr'>in</span> <span class='ocrx_word' id='word_1_20' title='bbox 1384 442 1486 470; x_wconf 87' lang='lat' dir='ltr'>arce</span> <span class='ocrx_word' id='word_1_21' title='bbox 1519 427 1757 471; x_wconf 87' lang='lat' dir='ltr'>Minervae</span> 
     </span>
     <span class='ocr_line' id='line_1_5' title="bbox 370 497 1429 554; baseline 0.001 -14"><span class='ocrx_word' id='word_1_22' title='bbox 370 497 559 551; x_wconf 81' lang='lat' dir='ltr'>IctinuS,</span> <span class='ocrx_word' id='word_1_23' title='bbox 594 499 779 554; x_wconf 84' lang='lat' dir='ltr'>magico</span> <span class='ocrx_word' id='word_1_24' title='bbox 814 499 887 541; x_wconf 91' lang='lat' dir='ltr'>cui</span> <span class='ocrx_word' id='word_1_25' title='bbox 921 506 1092 541; x_wconf 81' lang='lat' dir='ltr'>noctua</span> <span class='ocrx_word' id='word_1_26' title='bbox 1126 499 1291 554; x_wconf 88' lang='lat' dir='ltr'>perlita</span> <span class='ocrx_word' id='word_1_27' title='bbox 1324 500 1429 541; x_wconf 82' lang='lat' dir='ltr'>fuco</span> 
     </span>
     <span class='ocr_line' id='line_1_6' title="bbox 225 568 1644 626; baseline 0.001 -16"><span class='ocrx_word' id='word_1_28' title='bbox 225 571 310 610; x_wconf 76' lang='lat'>310</span> <span class='ocrx_word' id='word_1_29' title='bbox 369 568 512 612; x_wconf 78' lang='lat' dir='ltr'>allicit</span> <span class='ocrx_word' id='word_1_30' title='bbox 547 584 684 611; x_wconf 87' lang='lat' dir='ltr'>omne</span> <span class='ocrx_word' id='word_1_31' title='bbox 719 584 868 625; x_wconf 80' lang='lat' dir='ltr'>genus</span> <span class='ocrx_word' id='word_1_32' title='bbox 902 569 1114 612; x_wconf 86' lang='lat' dir='ltr'>volucres</span> <span class='ocrx_word' id='word_1_33' title='bbox 1149 569 1426 626; x_wconf 77' lang='lat' dir='ltr'>perimitque</span> <span class='ocrx_word' id='word_1_34' title='bbox 1461 570 1644 612; x_wconf 87' lang='lat' dir='ltr'>tuendo.</span> 
     </span>
     <span class='ocr_line' id='line_1_7' title="bbox 368 639 1571 684; baseline 0.002 -3"><span class='ocrx_word' id='word_1_35' title='bbox 368 639 578 683; x_wconf 90' lang='lat' dir='ltr'>conditor</span> <span class='ocrx_word' id='word_1_36' title='bbox 612 639 687 682; x_wconf 90' lang='lat' dir='ltr'>hic</span> <span class='ocrx_word' id='word_1_37' title='bbox 720 641 875 683; x_wconf 73' lang='lat' dir='ltr'>forsan</span> <span class='ocrx_word' id='word_1_38' title='bbox 911 641 1052 683; x_wconf 79' lang='lat' dir='ltr'>fuerit</span> <span class='ocrx_word' id='word_1_39' title='bbox 1088 640 1403 683; x_wconf 83' lang='lat' dir='ltr'>Ptolomaidos</span> <span class='ocrx_word' id='word_1_40' title='bbox 1437 642 1571 684; x_wconf 84' lang='lat' dir='ltr'>aulae</span> 
     </span>
     <span class='ocr_line' id='line_1_8' title="bbox 369 710 1440 768; baseline 0.002 -16"><span class='ocrx_word' id='word_1_41' title='bbox 369 710 668 766; x_wconf 80' lang='lat' dir='ltr'>Dinochares,</span> <span class='ocrx_word' id='word_1_42' title='bbox 701 712 878 767; x_wconf 89' lang='lat' dir='ltr'>quadro</span> <span class='ocrx_word' id='word_1_43' title='bbox 913 711 985 753; x_wconf 92' lang='lat' dir='ltr'>cui</span> <span class='ocrx_word' id='word_1_44' title='bbox 1019 712 1065 753; x_wconf 91' lang='lat' dir='ltr'>in</span> <span class='ocrx_word' id='word_1_45' title='bbox 1100 712 1291 768; x_wconf 72' lang='lat' dir='ltr'>fastigia</span> <span class='ocrx_word' id='word_1_46' title='bbox 1325 727 1440 755; x_wconf 93' lang='lat' dir='ltr'>cono</span> 
     </span>
     <span class='ocr_line' id='line_1_9' title="bbox 366 782 1611 839; baseline 0.002 -15"><span class='ocrx_word' id='word_1_47' title='bbox 366 782 519 838; x_wconf 83' lang='lat' dir='ltr'>surgit</span> <span class='ocrx_word' id='word_1_48' title='bbox 552 790 597 825; x_wconf 90' lang='lat' dir='ltr'>et</span> <span class='ocrx_word' id='word_1_49' title='bbox 629 783 729 839; x_wconf 85' lang='lat' dir='ltr'>ipsa</span> <span class='ocrx_word' id='word_1_50' title='bbox 763 797 871 825; x_wconf 87' lang='lat' dir='ltr'>suas</span> <span class='ocrx_word' id='word_1_51' title='bbox 906 783 1141 825; x_wconf 84' lang='lat' dir='ltr'>consumit</span> <span class='ocrx_word' id='word_1_52' title='bbox 1174 782 1378 839; x_wconf 79' lang='lat' dir='ltr'>pyramis</span> <span class='ocrx_word' id='word_1_53' title='bbox 1412 784 1611 827; x_wconf 87' lang='lat' dir='ltr'>umbras.</span> 
     </span>
     <span class='ocr_line' id='line_1_10' title="bbox 365 853 1591 910; baseline 0.001 -14"><span class='ocrx_word' id='word_1_54' title='bbox 365 854 519 896; x_wconf 89' lang='lat' dir='ltr'>iussus</span> <span class='ocrx_word' id='word_1_55' title='bbox 553 854 610 896; x_wconf 90' lang='lat' dir='ltr'>ob</span> <span class='ocrx_word' id='word_1_56' title='bbox 644 853 808 896; x_wconf 79' lang='lat' dir='ltr'>incesti</span> <span class='ocrx_word' id='word_1_57' title='bbox 844 853 922 909; x_wconf 88' lang='lat' dir='ltr'>qui</span> <span class='ocrx_word' id='word_1_58' title='bbox 957 854 1195 910; x_wconf 86' lang='lat' dir='ltr'>quondam</span> <span class='ocrx_word' id='word_1_59' title='bbox 1228 855 1390 897; x_wconf 78' lang='lat' dir='ltr'>foedus</span> <span class='ocrx_word' id='word_1_60' title='bbox 1424 854 1591 897; x_wconf 87' lang='lat' dir='ltr'>amoris</span> 
     </span>
     <span class='ocr_line' id='line_1_11' title="bbox 224 924 1497 982; baseline 0.002 -16"><span class='ocrx_word' id='word_1_61' title='bbox 224 928 307 966; x_wconf 88' lang='lat'>315</span> <span class='ocrx_word' id='word_1_62' title='bbox 368 924 596 967; x_wconf 87' lang='lat' dir='ltr'>Arsinoen</span> <span class='ocrx_word' id='word_1_63' title='bbox 632 924 787 967; x_wconf 89' lang='lat' dir='ltr'>Pharii</span> <span class='ocrx_word' id='word_1_64' title='bbox 821 926 1066 981; x_wconf 84' lang='lat' dir='ltr'>suspendit</span> <span class='ocrx_word' id='word_1_65' title='bbox 1099 926 1143 967; x_wconf 87' lang='lat' dir='ltr'>in</span> <span class='ocrx_word' id='word_1_66' title='bbox 1180 940 1284 968; x_wconf 88' lang='lat' dir='ltr'>aere</span> <span class='ocrx_word' id='word_1_67' title='bbox 1318 926 1497 982; x_wconf 81' lang='lat' dir='ltr'>templi;</span> 
     </span>
     <span class='ocr_line' id='line_1_12' title="bbox 366 995 1472 1053; baseline 0.001 -14"><span class='ocrx_word' id='word_1_68' title='bbox 366 995 511 1053; x_wconf 85' lang='lat' dir='ltr'>spirat</span> <span class='ocrx_word' id='word_1_69' title='bbox 545 996 667 1038; x_wconf 89' lang='lat' dir='ltr'>enim</span> <span class='ocrx_word' id='word_1_70' title='bbox 703 996 811 1038; x_wconf 88' lang='lat' dir='ltr'>tecti</span> <span class='ocrx_word' id='word_1_71' title='bbox 848 996 1083 1039; x_wconf 84' lang='lat' dir='ltr'>testudine</span> <span class='ocrx_word' id='word_1_72' title='bbox 1117 1012 1250 1039; x_wconf 88' lang='lat' dir='ltr'>corus</span> <span class='ocrx_word' id='word_1_73' title='bbox 1284 998 1472 1040; x_wconf 86' lang='lat' dir='ltr'>achates</span> 
     </span>
     <span class='ocr_line' id='line_1_13' title="bbox 364 1067 1446 1124; baseline 0 -13"><span class='ocrx_word' id='word_1_74' title='bbox 364 1068 666 1124; x_wconf 79' lang='lat' dir='ltr'>afflatamque</span> <span class='ocrx_word' id='word_1_75' title='bbox 700 1067 844 1111; x_wconf 86' lang='lat' dir='ltr'>trahit</span> <span class='ocrx_word' id='word_1_76' title='bbox 876 1069 1046 1111; x_wconf 78' lang='lat' dir='ltr'>ferrato</span> <span class='ocrx_word' id='word_1_77' title='bbox 1075 1068 1199 1111; x_wconf 83' lang='lat' dir='ltr'>crine</span> <span class='ocrx_word' id='word_1_78' title='bbox 1233 1070 1446 1124; x_wconf 89' lang='lat' dir='ltr'>puellam.</span> 
     </span>
     <span class='ocr_line' id='line_1_14' title="bbox 364 1139 1668 1195; baseline 0.001 -14"><span class='ocrx_word' id='word_1_79' title='bbox 364 1140 449 1182; x_wconf 91' lang='lat' dir='ltr'>hos</span> <span class='ocrx_word' id='word_1_80' title='bbox 484 1154 596 1195; x_wconf 84' lang='lat' dir='ltr'>ergo</span> <span class='ocrx_word' id='word_1_81' title='bbox 630 1147 712 1182; x_wconf 88' lang='lat' dir='ltr'>aut</span> <span class='ocrx_word' id='word_1_82' title='bbox 744 1140 910 1181; x_wconf 90' lang='lat' dir='ltr'>horum</span> <span class='ocrx_word' id='word_1_83' title='bbox 945 1139 1120 1182; x_wconf 86' lang='lat' dir='ltr'>similes</span> <span class='ocrx_word' id='word_1_84' title='bbox 1154 1147 1223 1182; x_wconf 88' lang='lat' dir='ltr'>est</span> <span class='ocrx_word' id='word_1_85' title='bbox 1257 1141 1440 1183; x_wconf 92' lang='lat' dir='ltr'>credere</span> <span class='ocrx_word' id='word_1_86' title='bbox 1473 1140 1668 1195; x_wconf 65' lang='lat' dir='ltr'>dignum</span> 
     </span>
     <span class='ocr_line' id='line_1_15' title="bbox 366 1210 1608 1267; baseline 0.001 -15"><span class='ocrx_word' id='word_1_87' title='bbox 366 1211 613 1266; x_wconf 84' lang='lat' dir='ltr'>Belgarum</span> <span class='ocrx_word' id='word_1_88' title='bbox 650 1210 697 1253; x_wconf 91' lang='lat' dir='ltr'>in</span> <span class='ocrx_word' id='word_1_89' title='bbox 733 1210 866 1253; x_wconf 88' lang='lat' dir='ltr'>terris</span> <span class='ocrx_word' id='word_1_90' title='bbox 900 1226 1091 1254; x_wconf 87' lang='lat' dir='ltr'>scaenas</span> <span class='ocrx_word' id='word_1_91' title='bbox 1124 1210 1335 1267; x_wconf 87' lang='lat' dir='ltr'>posuisse</span> <span class='ocrx_word' id='word_1_92' title='bbox 1367 1212 1608 1254; x_wconf 85' lang='lat' dir='ltr'>domorum</span> 
     </span>
     <span class='ocr_line' id='line_1_16' title="bbox 221 1281 1407 1326; baseline 0.001 -2"><span class='ocrx_word' id='word_1_93' title='bbox 221 1285 305 1324; x_wconf 84' lang='lat'>320</span> <span class='ocrx_word' id='word_1_94' title='bbox 365 1282 551 1324; x_wconf 86' lang='lat' dir='ltr'>molitos</span> <span class='ocrx_word' id='word_1_95' title='bbox 586 1282 731 1324; x_wconf 89' lang='lat' dir='ltr'>celsas</span> <span class='ocrx_word' id='word_1_96' title='bbox 765 1281 898 1324; x_wconf 79' lang='lat' dir='ltr'>fluvii</span> <span class='ocrx_word' id='word_1_97' title='bbox 932 1283 1226 1325; x_wconf 87' lang='lat' dir='ltr'>decoramina</span> <span class='ocrx_word' id='word_1_98' title='bbox 1261 1282 1407 1326; x_wconf 88' lang='lat' dir='ltr'>villas.</span> 
     </span>
    </p>
   </div>
   <div class='ocr_carea' id='block_1_3' title="bbox 213 1413 1780 2539">
    <p class='ocr_par' dir='ltr' id='par_1_3' title="bbox 213 1413 1780 2539">
     <span class='ocr_line' id='line_1_17' title="bbox 363 1413 1780 1470; baseline 0.001 -16"><span class='ocrx_word' id='word_1_99' title='bbox 363 1419 610 1469; x_wconf 88' lang='lat' dir='ltr'>postquam</span> <span class='ocrx_word' id='word_1_100' title='bbox 637 1414 981 1468; x_wconf 78' lang='lat' dir='ltr'>Pulmannus1)‚</span> <span class='ocrx_word' id='word_1_101' title='bbox 1007 1413 1309 1470; x_wconf 86' lang='lat' dir='ltr'>Reinesius2),</span> <span class='ocrx_word' id='word_1_102' title='bbox 1342 1414 1418 1457; x_wconf 89' lang='lat' dir='ltr'>alii</span> <span class='ocrx_word' id='word_1_103' title='bbox 1442 1423 1780 1470; x_wconf 85' lang='lat' dir='ltr'>perspexerunt</span> 
     </span>
     <span class='ocr_line' id='line_1_18' title="bbox 219 1483 1778 1542; baseline 0.002 -17"><span class='ocrx_word' id='word_1_104' title='bbox 219 1483 410 1526; x_wconf 89' lang='lat' dir='ltr'>nomine</span> <span class='ocrx_word' id='word_1_105' title='bbox 449 1485 628 1526; x_wconf 66' lang='lat' dir='ltr'>Marcei</span> <span class='ocrx_word' id='word_1_106' title='bbox 668 1484 901 1527; x_wconf 88' lang='lat' dir='ltr'>neminem</span> <span class='ocrx_word' id='word_1_107' title='bbox 947 1485 1090 1528; x_wconf 86' lang='lat' dir='ltr'>alium</span> <span class='ocrx_word' id='word_1_108' title='bbox 1133 1501 1232 1528; x_wconf 89' lang='lat' dir='ltr'>esse</span> <span class='ocrx_word' id='word_1_109' title='bbox 1279 1486 1649 1542; x_wconf 82' lang='lat' dir='ltr'>intellegendum</span> <span class='ocrx_word' id='word_1_110' title='bbox 1692 1486 1778 1529; x_wconf 91' lang='lat' dir='ltr'>nisi</span> 
     </span>
     <span class='ocr_line' id='line_1_19' title="bbox 223 1554 1778 1614; baseline 0.001 -17"><span class='ocrx_word' id='word_1_111' title='bbox 223 1557 278 1598; x_wconf 87' lang='lat' dir='ltr'>M.</span> <span class='ocrx_word' id='word_1_112' title='bbox 304 1554 577 1598; x_wconf 88' lang='lat' dir='ltr'>Terentium</span> <span class='ocrx_word' id='word_1_113' title='bbox 615 1557 884 1610; x_wconf 83' lang='lat' dir='ltr'>Varronem,</span> <span class='ocrx_word' id='word_1_114' title='bbox 919 1571 1023 1598; x_wconf 89' lang='lat' dir='ltr'>cum</span> <span class='ocrx_word' id='word_1_115' title='bbox 1062 1558 1297 1613; x_wconf 87' lang='lat' dir='ltr'>Josephus</span> <span class='ocrx_word' id='word_1_116' title='bbox 1331 1558 1582 1613; x_wconf 66' lang='lat' dir='ltr'>Scaligerss)</span> <span class='ocrx_word' id='word_1_117' title='bbox 1615 1572 1778 1614; x_wconf 82' lang='lat' dir='ltr'>parum</span> 
     </span>
     <span class='ocr_line' id='line_1_20' title="bbox 218 1625 1779 1684; baseline 0.002 -16"><span class='ocrx_word' id='word_1_118' title='bbox 218 1625 412 1669; x_wconf 78' lang='lat' dir='ltr'>feliciter</span> <span class='ocrx_word' id='word_1_119' title='bbox 459 1631 692 1682; x_wconf 67' lang='lat' dir='ltr'>Margeum</span> <span class='ocrx_word' id='word_1_120' title='bbox 741 1626 1047 1670; x_wconf 87' lang='lat' dir='ltr'>architectum</span> <span class='ocrx_word' id='word_1_121' title='bbox 1103 1628 1335 1671; x_wconf 86' lang='lat' dir='ltr'>Graecum</span> <span class='ocrx_word' id='word_1_122' title='bbox 1387 1629 1779 1684; x_wconf 81' lang='lat' dir='ltr'>interpretaretur,</span> 
     </span>
     <span class='ocr_line' id='line_1_21' title="bbox 217 1699 1780 1756; baseline 0.001 -15"><span class='ocrx_word' id='word_1_123' title='bbox 217 1700 422 1753; x_wconf 85' lang='lat' dir='ltr'>Jacobus</span> <span class='ocrx_word' id='word_1_124' title='bbox 474 1701 677 1754; x_wconf 83' lang='lat' dir='ltr'>Bernays</span> <span class='ocrx_word' id='word_1_125' title='bbox 726 1699 904 1755; x_wconf 89' lang='lat' dir='ltr'>primus</span> <span class='ocrx_word' id='word_1_126' title='bbox 953 1699 1177 1756; x_wconf 85' lang='lat' dir='ltr'>cognovit</span> <span class='ocrx_word' id='word_1_127' title='bbox 1227 1716 1264 1743; x_wconf 85' lang='lat' dir='ltr'>v.</span> <span class='ocrx_word' id='word_1_128' title='bbox 1300 1704 1384 1743; x_wconf 88' lang='lat'>305</span> <span class='ocrx_word' id='word_1_129' title='bbox 1433 1716 1540 1756; x_wconf 63' lang='lat' dir='ltr'>sqq„</span> <span class='ocrx_word' id='word_1_130' title='bbox 1589 1699 1634 1742; x_wconf 92' lang='lat' dir='ltr'>in</span> <span class='ocrx_word' id='word_1_131' title='bbox 1684 1699 1780 1756; x_wconf 86' lang='lat' dir='ltr'>qui-</span> 
     </span>
     <span class='ocr_line' id='line_1_22' title="bbox 217 1769 1778 1826; baseline 0.001 -14"><span class='ocrx_word' id='word_1_132' title='bbox 217 1771 304 1812; x_wconf 85' lang='lat' dir='ltr'>bus</span> <span class='ocrx_word' id='word_1_133' title='bbox 338 1770 575 1813; x_wconf 89' lang='lat' dir='ltr'>Ausonius</span> <span class='ocrx_word' id='word_1_134' title='bbox 621 1777 842 1826; x_wconf 84' lang='lat' dir='ltr'>quattuor</span> <span class='ocrx_word' id='word_1_135' title='bbox 886 1769 1164 1814; x_wconf 89' lang='lat' dir='ltr'>architectos</span> <span class='ocrx_word' id='word_1_136' title='bbox 1200 1772 1401 1815; x_wconf 87' lang='lat' dir='ltr'>Graecos</span> <span class='ocrx_word' id='word_1_137' title='bbox 1440 1787 1496 1814; x_wconf 79' lang='lat' dir='ltr'>ex</span> <span class='ocrx_word' id='word_1_138' title='bbox 1540 1787 1632 1814; x_wconf 90' lang='lat' dir='ltr'>una</span> <span class='ocrx_word' id='word_1_139' title='bbox 1670 1772 1778 1814; x_wconf 91' lang='lat' dir='ltr'>heb-</span> 
     </span>
     <span class='ocr_line' id='line_1_23' title="bbox 218 1842 1778 1899; baseline 0.002 -16"><span class='ocrx_word' id='word_1_140' title='bbox 218 1842 414 1884; x_wconf 89' lang='lat' dir='ltr'>domade</span> <span class='ocrx_word' id='word_1_141' title='bbox 458 1842 748 1885; x_wconf 87' lang='lat' dir='ltr'>Varroniana</span> <span class='ocrx_word' id='word_1_142' title='bbox 797 1849 1052 1897; x_wconf 84' lang='lat' dir='ltr'>enumerat,</span> <span class='ocrx_word' id='word_1_143' title='bbox 1106 1858 1197 1885; x_wconf 91' lang='lat' dir='ltr'>non</span> <span class='ocrx_word' id='word_1_144' title='bbox 1248 1858 1346 1886; x_wconf 89' lang='lat' dir='ltr'>esse</span> <span class='ocrx_word' id='word_1_145' title='bbox 1390 1843 1704 1899; x_wconf 84' lang='lat' dir='ltr'>segregandos</span> <span class='ocrx_word' id='word_1_146' title='bbox 1752 1859 1778 1886; x_wconf 88' lang='lat' dir='ltr'>a</span> 
     </span>
     <span class='ocr_line' id='line_1_24' title="bbox 218 1912 1777 1970; baseline 0 -14"><span class='ocrx_word' id='word_1_147' title='bbox 218 1912 430 1956; x_wconf 85' lang='lat' dir='ltr'>versibus</span> <span class='ocrx_word' id='word_1_148' title='bbox 464 1912 798 1969; x_wconf 87' lang='lat' dir='ltr'>praeeuntibus</span> <span class='ocrx_word' id='word_1_149' title='bbox 832 1920 878 1956; x_wconf 91' lang='lat' dir='ltr'>et</span> <span class='ocrx_word' id='word_1_150' title='bbox 911 1914 976 1956; x_wconf 88' lang='lat' dir='ltr'>ita</span> <span class='ocrx_word' id='word_1_151' title='bbox 1009 1928 1150 1957; x_wconf 88' lang='lat' dir='ltr'>unam</span> <span class='ocrx_word' id='word_1_152' title='bbox 1179 1914 1517 1957; x_wconf 86' lang='lat' dir='ltr'>hebdomadem</span> <span class='ocrx_word' id='word_1_153' title='bbox 1542 1914 1777 1970; x_wconf 84' lang='lat' dir='ltr'>integram</span> 
     </span>
     <span class='ocr_line' id='line_1_25' title="bbox 217 1983 1776 2041; baseline 0 -14"><span class='ocrx_word' id='word_1_154' title='bbox 217 1999 318 2027; x_wconf 88' lang='lat' dir='ltr'>esse</span> <span class='ocrx_word' id='word_1_155' title='bbox 372 1988 661 2037; x_wconf 78' lang='lat' dir='ltr'>servatam4).</span> <span class='ocrx_word' id='word_1_156' title='bbox 730 1983 950 2027; x_wconf 89' lang='lat' dir='ltr'>dicuntur</span> <span class='ocrx_word' id='word_1_157' title='bbox 1005 1992 1161 2028; x_wconf 87' lang='lat' dir='ltr'>autem</span> <span class='ocrx_word' id='word_1_158' title='bbox 1211 1987 1283 2028; x_wconf 88' lang='lat' dir='ltr'>vel</span> <span class='ocrx_word' id='word_1_159' title='bbox 1337 1985 1678 2041; x_wconf 83' lang='lat' dir='ltr'>intelleguntur</span> <span class='ocrx_word' id='word_1_160' title='bbox 1730 1985 1776 2027; x_wconf 87' lang='lat' dir='ltr'>hi</span> 
     </span>
     <span class='ocr_line' id='line_1_26' title="bbox 216 2054 1777 2120; baseline 0.001 -23"><span class='ocrx_word' id='word_1_161' title='bbox 216 2062 394 2112; x_wconf 88' lang='lat' dir='ltr'>septem</span> <span class='ocrx_word' id='word_1_162' title='bbox 444 2054 685 2098; x_wconf 88' lang='lat' dir='ltr'>architecti</span> <span class='ocrx_word' id='word_1_163' title='bbox 731 2056 919 2099; x_wconf 87' lang='lat' dir='ltr'>Graeci:</span> <span class='ocrx_word' id='word_1_164' title='bbox 978 2057 1224 2111; x_wconf 86' lang='lat' dir='ltr'>Daedalus,</span> <span class='ocrx_word' id='word_1_165' title='bbox 1280 2057 1422 2110; x_wconf 90' lang='lat' dir='ltr'>Philo,</span> <span class='ocrx_word' id='word_1_166' title='bbox 1465 2057 1777 2120; x_wconf 60' lang='lat' dir='ltr'>Archimedes,</span> 
     </span>
     <span class='ocr_line' id='line_1_27' title="bbox 218 2127 1777 2183; baseline 0.001 -15"><span class='ocrx_word' id='word_1_167' title='bbox 218 2129 518 2181; x_wconf 87' lang='lat' dir='ltr'>Menecrates,</span> <span class='ocrx_word' id='word_1_168' title='bbox 566 2127 858 2183; x_wconf 85' lang='lat' dir='ltr'>Chersiphro,</span> <span class='ocrx_word' id='word_1_169' title='bbox 899 2128 1091 2177; x_wconf 84' lang='lat' dir='ltr'>Ictinus‚</span> <span class='ocrx_word' id='word_1_170' title='bbox 1136 2128 1435 2171; x_wconf 83' lang='lat' dir='ltr'>Dinochares.</span> <span class='ocrx_word' id='word_1_171' title='bbox 1501 2129 1579 2170; x_wconf 89' lang='lat' dir='ltr'>sed</span> <span class='ocrx_word' id='word_1_172' title='bbox 1626 2142 1777 2170; x_wconf 89' lang='lat' dir='ltr'>recen-</span> 
     </span>
     <span class='ocr_line' id='line_1_28' title="bbox 216 2197 1777 2255; baseline 0.001 -15"><span class='ocrx_word' id='word_1_173' title='bbox 216 2212 400 2240; x_wconf 88' lang='lat' dir='ltr'>seamus</span> <span class='ocrx_word' id='word_1_174' title='bbox 435 2198 712 2253; x_wconf 83' lang='lat' dir='ltr'>diligentius</span> <span class='ocrx_word' id='word_1_175' title='bbox 748 2197 961 2254; x_wconf 84' lang='lat' dir='ltr'>singulos</span> <span class='ocrx_word' id='word_1_176' title='bbox 996 2206 1041 2241; x_wconf 93' lang='lat' dir='ltr'>et</span> <span class='ocrx_word' id='word_1_177' title='bbox 1074 2200 1273 2255; x_wconf 83' lang='lat' dir='ltr'>singula,</span> <span class='ocrx_word' id='word_1_178' title='bbox 1308 2214 1411 2242; x_wconf 85' lang='lat' dir='ltr'>cum</span> <span class='ocrx_word' id='word_1_179' title='bbox 1449 2199 1651 2242; x_wconf 88' lang='lat' dir='ltr'>virorum</span> <span class='ocrx_word' id='word_1_180' title='bbox 1675 2199 1777 2241; x_wconf 87' lang='lat' dir='ltr'>doc-</span> 
     </span>
     <span class='ocr_line' id='line_1_29' title="bbox 215 2269 1775 2313; baseline 0.001 -2"><span class='ocrx_word' id='word_1_181' title='bbox 215 2276 368 2312; x_wconf 89' lang='lat' dir='ltr'>torum</span> <span class='ocrx_word' id='word_1_182' title='bbox 409 2269 671 2311; x_wconf 84' lang='lat' dir='ltr'>sententiae</span> <span class='ocrx_word' id='word_1_183' title='bbox 711 2271 768 2311; x_wconf 84' lang='lat' dir='ltr'>(le</span> <span class='ocrx_word' id='word_1_184' title='bbox 808 2269 1047 2312; x_wconf 85' lang='lat' dir='ltr'>nonnullis</span> <span class='ocrx_word' id='word_1_185' title='bbox 1088 2270 1133 2312; x_wconf 90' lang='lat' dir='ltr'>in</span> <span class='ocrx_word' id='word_1_186' title='bbox 1175 2270 1410 2313; x_wconf 81' lang='lat' dir='ltr'>diversum</span> <span class='ocrx_word' id='word_1_187' title='bbox 1452 2271 1656 2313; x_wconf 84' lang='lat' dir='ltr'>tendant.</span> <span class='ocrx_word' id='word_1_188' title='bbox 1720 2285 1775 2312; x_wconf 85' lang='lat' dir='ltr'>ex</span> 
     </span>
     <span class='ocr_line' id='line_1_30' title="bbox 215 2339 1775 2397; baseline 0.002 -16"><span class='ocrx_word' id='word_1_189' title='bbox 215 2340 287 2381; x_wconf 91' lang='lat' dir='ltr'>his</span> <span class='ocrx_word' id='word_1_190' title='bbox 321 2347 498 2397; x_wconf 88' lang='lat' dir='ltr'>septem</span> <span class='ocrx_word' id='word_1_191' title='bbox 535 2339 801 2383; x_wconf 89' lang='lat' dir='ltr'>architectis</span> <span class='ocrx_word' id='word_1_192' title='bbox 837 2348 927 2384; x_wconf 90' lang='lat' dir='ltr'>tres</span> <span class='ocrx_word' id='word_1_193' title='bbox 961 2341 1136 2397; x_wconf 90' lang='lat' dir='ltr'>priores</span> <span class='ocrx_word' id='word_1_194' title='bbox 1161 2349 1256 2384; x_wconf 78' lang='lat' dir='ltr'>tani</span> <span class='ocrx_word' id='word_1_195' title='bbox 1280 2341 1377 2383; x_wconf 90' lang='lat' dir='ltr'>noti</span> <span class='ocrx_word' id='word_1_196' title='bbox 1403 2348 1524 2396; x_wconf 88' lang='lat' dir='ltr'>sunt,</span> <span class='ocrx_word' id='word_1_197' title='bbox 1555 2348 1607 2384; x_wconf 91' lang='lat' dir='ltr'>ut</span> <span class='ocrx_word' id='word_1_198' title='bbox 1628 2356 1775 2397; x_wconf 90' lang='lat' dir='ltr'>paene</span> 
     </span>
     <span class='ocr_line' id='line_1_31' title="bbox 214 2408 1776 2468; baseline 0.001 -15"><span class='ocrx_word' id='word_1_199' title='bbox 214 2425 611 2467; x_wconf 88' lang='lat' dir='ltr'>supervacaneum</span> <span class='ocrx_word' id='word_1_200' title='bbox 661 2426 760 2454; x_wconf 91' lang='lat' dir='ltr'>esse</span> <span class='ocrx_word' id='word_1_201' title='bbox 806 2412 1021 2454; x_wconf 82' lang='lat' dir='ltr'>videatur</span> <span class='ocrx_word' id='word_1_202' title='bbox 1070 2408 1330 2468; x_wconf 80' lang='lat' dir='ltr'>explanare,</span> <span class='ocrx_word' id='word_1_203' title='bbox 1384 2413 1461 2468; x_wconf 84' lang='lat' dir='ltr'>qui</span> <span class='ocrx_word' id='word_1_204' title='bbox 1511 2413 1683 2455; x_wconf 78' lang='lat' dir='ltr'>fuerint</span> <span class='ocrx_word' id='word_1_205' title='bbox 1731 2418 1776 2455; x_wconf 91' lang='lat' dir='ltr'>et</span> 
     </span>
     <span class='ocr_line' id='line_1_32' title="bbox 213 2482 1772 2539; baseline 0.001 -15"><span class='ocrx_word' id='word_1_206' title='bbox 213 2482 382 2538; x_wconf 84' lang='lat' dir='ltr'>quibus</span> <span class='ocrx_word' id='word_1_207' title='bbox 422 2483 559 2525; x_wconf 89' lang='lat' dir='ltr'>rebus</span> <span class='ocrx_word' id='word_1_208' title='bbox 594 2482 857 2536; x_wconf 86' lang='lat' dir='ltr'>claruerint,</span> <span class='ocrx_word' id='word_1_209' title='bbox 900 2483 1171 2539; x_wconf 89' lang='lat' dir='ltr'>praesertim</span> <span class='ocrx_word' id='word_1_210' title='bbox 1207 2498 1310 2526; x_wconf 88' lang='grc'>011111</span> <span class='ocrx_word' id='word_1_211' title='bbox 1346 2483 1582 2526; x_wconf 78' lang='lat' dir='ltr'>Ausonius</span> <span class='ocrx_word' id='word_1_212' title='bbox 1616 2498 1772 2526; x_wconf 89' lang='lat' dir='ltr'>eorum</span> 
     </span>
    </p>
   </div>
   <div class='ocr_carea' id='block_1_4' title="bbox 343 2568 458 2571">
    <p class='ocr_par' dir='ltr' id='par_1_4' title="bbox 343 2568 458 2571">
     <span class='ocr_line' id='line_1_33' title="bbox 343 2568 458 2571; baseline 0 0"><span class='ocrx_word' id='word_1_213' title='bbox 343 2568 458 2571; x_wconf 95' lang='lat' dir='ltr'> </span> 
     </span>
    </p>
   </div>
   <div class='ocr_carea' id='block_1_5' title="bbox 354 2601 1774 2823">
    <p class='ocr_par' dir='ltr' id='par_1_5' title="bbox 354 2601 1774 2703">
     <span class='ocr_line' id='line_1_34' title="bbox 360 2601 1774 2647; baseline 0.001 -12"><span class='ocrx_word' id='word_1_214' title='bbox 360 2602 387 2644; x_wconf 81' lang='lat'>¹)</span> <span class='ocrx_word' id='word_1_215' title='bbox 416 2601 469 2636; x_wconf 89' lang='lat' dir='ltr'>ed.</span> <span class='ocrx_word' id='word_1_216' title='bbox 491 2601 640 2643; x_wconf 82' lang='lat' dir='ltr'>Auson.,</span> <span class='ocrx_word' id='word_1_217' title='bbox 660 2601 880 2646; x_wconf 79' lang='lat' dir='ltr'>Antverpiae</span> <span class='ocrx_word' id='word_1_218' title='bbox 903 2602 1002 2644; x_wconf 80' lang='lat'>1568,</span> <span class='ocrx_word' id='word_1_219' title='bbox 1023 2613 1055 2647; x_wconf 89' lang='lat' dir='ltr'>p.</span> <span class='ocrx_word' id='word_1_220' title='bbox 1076 2603 1118 2637; x_wconf 84' lang='lat'>97</span> <span class='ocrx_word' id='word_1_221' title='bbox 1139 2604 1173 2637; x_wconf 88' lang='lat' dir='ltr'>in</span> <span class='ocrx_word' id='word_1_222' title='bbox 1196 2605 1278 2637; x_wconf 81' lang='lat' dir='ltr'>nota</span> <span class='ocrx_word' id='word_1_223' title='bbox 1298 2604 1392 2637; x_wconf 84' lang='lat' dir='ltr'>iuxta</span> <span class='ocrx_word' id='word_1_224' title='bbox 1412 2603 1617 2638; x_wconf 84' lang='lat' dir='ltr'>contextum</span> <span class='ocrx_word' id='word_1_225' title='bbox 1637 2603 1774 2647; x_wconf 78' lang='lat' dir='ltr'>scripta.</span> 
     </span>
     <span class='ocr_line' id='line_1_35' title="bbox 354 2659 781 2703; baseline 0.002 -9"><span class='ocrx_word' id='word_1_226' title='bbox 354 2661 381 2703; x_wconf 83' lang='lat'>2)</span> <span class='ocrx_word' id='word_1_227' title='bbox 409 2660 488 2695; x_wconf 87' lang='lat' dir='ltr'>Var.</span> <span class='ocrx_word' id='word_1_228' title='bbox 509 2660 588 2695; x_wconf 88' lang='lat' dir='ltr'>lect.</span> <span class='ocrx_word' id='word_1_229' title='bbox 610 2659 635 2694; x_wconf 89' lang='lat'>11</span> <span class='ocrx_word' id='word_1_230' title='bbox 659 2661 671 2694; x_wconf 97' lang='lat'>1</span> <span class='ocrx_word' id='word_1_231' title='bbox 696 2661 781 2695; x_wconf 86' lang='lat' dir='ltr'>extr.</span> 
     </span>
    </p>

    <p class='ocr_par' dir='ltr' id='par_1_6' title="bbox 359 2719 733 2763">
     <span class='ocr_line' id='line_1_36' title="bbox 359 2719 733 2763; baseline 0 -9"><span class='ocrx_word' id='word_1_232' title='bbox 359 2719 385 2763; x_wconf 78' lang='grc'>3)</span> <span class='ocrx_word' id='word_1_233' title='bbox 413 2719 551 2754; x_wconf 83' lang='lat' dir='ltr'>Auson.</span> <span class='ocrx_word' id='word_1_234' title='bbox 573 2720 652 2755; x_wconf 86' lang='lat' dir='ltr'>lect.</span> <span class='ocrx_word' id='word_1_235' title='bbox 673 2719 682 2753; x_wconf 92' lang='lat'>1</span> <span class='ocrx_word' id='word_1_236' title='bbox 704 2721 733 2754; x_wconf 79' lang='lat'>4.</span> 
     </span>
    </p>

    <p class='ocr_par' dir='ltr' id='par_1_7' title="bbox 358 2778 909 2823">
     <span class='ocr_line' id='line_1_37' title="bbox 358 2778 909 2823; baseline 0.004 -11"><span class='ocrx_word' id='word_1_237' title='bbox 358 2779 385 2820; x_wconf 83' lang='lat'>⁴)</span> <span class='ocrx_word' id='word_1_238' title='bbox 414 2778 598 2817; x_wconf 82' lang='lat' dir='ltr'>Ritschelii</span> <span class='ocrx_word' id='word_1_239' title='bbox 626 2789 749 2823; x_wconf 85' lang='lat' dir='ltr'>opusc.</span> <span class='ocrx_word' id='word_1_240' title='bbox 770 2778 909 2814; x_wconf 78' lang='lat'>111512¹</span> 
     </span>
    </p>
   </div>
  </div>
 </body>
</html>
