<?xml version="1.0" encoding="UTF-8"?>
<!DOCTYPE html PUBLIC "-//W3C//DTD XHTML 1.0 Transitional//EN"
    "http://www.w3.org/TR/xhtml1/DTD/xhtml1-transitional.dtd">
<html xmlns="http://www.w3.org/1999/xhtml" xml:lang="en" lang="en">
 <head>
  <title>
</title>
<meta http-equiv="Content-Type" content="text/html;charset=utf-8" />
  <meta name='ocr-system' content='tesseract 3.04.00' />
  <meta name='ocr-capabilities' content='ocr_page ocr_carea ocr_par ocr_line ocrx_word'/>
</head>
<body>
  <div class='ocr_page' id='page_1' title='image "./devarroneetsueto00reeh_0069.png"; bbox 0 0 2001 3099; ppageno 0'>
   <div class='ocr_carea' id='block_1_1' title="bbox 806 180 1098 219">
    <p class='ocr_par' dir='ltr' id='par_1_1' title="bbox 806 180 1098 219">
     <span class='ocr_line' id='line_1_1' title="bbox 806 180 1098 219; baseline 0 -10"><span class='ocrx_word' id='word_1_1' title='bbox 806 180 1098 219; x_wconf 73' lang='lat'>...65-</span> 
     </span>
    </p>
   </div>
   <div class='ocr_carea' id='block_1_2' title="bbox 179 319 915 588">
    <p class='ocr_par' dir='ltr' id='par_1_2' title="bbox 179 319 911 444">
     <span class='ocr_line' id='line_1_2' title="bbox 179 319 911 374; baseline -0.001 -13"><span class='ocrx_word' id='word_1_2' title='bbox 179 320 301 362; x_wconf 86' lang='lat' dir='ltr'>Maia</span> <span class='ocrx_word' id='word_1_3' title='bbox 332 321 431 374; x_wconf 85' lang='lat' dir='ltr'>dea,</span> <span class='ocrx_word' id='word_1_4' title='bbox 464 335 521 362; x_wconf 90' lang='lat' dir='ltr'>an</span> <span class='ocrx_word' id='word_1_5' title='bbox 555 319 701 363; x_wconf 89' lang='lat' dir='ltr'>maior</span> <span class='ocrx_word' id='word_1_6' title='bbox 735 319 911 361; x_wconf 90' lang='lat' dir='ltr'>Maium</span> 
     </span>
     <span class='ocr_line' id='line_1_3' title="bbox 444 391 854 444; baseline -0.002 -11"><span class='ocrx_word' id='word_1_7' title='bbox 444 396 489 433; x_wconf 89' lang='lat' dir='ltr'>te</span> <span class='ocrx_word' id='word_1_8' title='bbox 521 391 680 434; x_wconf 80' lang='lat' dir='ltr'>fecerit·</span> <span class='ocrx_word' id='word_1_9' title='bbox 712 396 854 444; x_wconf 80' lang='lat' dir='ltr'>aetas,</span> 
     </span>
    </p>

    <p class='ocr_par' dir='ltr' id='par_1_3' title="bbox 237 460 915 588">
     <span class='ocr_line' id='line_1_4' title="bbox 237 460 915 517; baseline 0 -14"><span class='ocrx_word' id='word_1_10' title='bbox 237 461 458 517; x_wconf 85' lang='lat' dir='ltr'>Ambigo:</span> <span class='ocrx_word' id='word_1_11' title='bbox 520 462 601 505; x_wconf 91' lang='lat' dir='ltr'>sed</span> <span class='ocrx_word' id='word_1_12' title='bbox 652 460 801 504; x_wconf 88' lang='lat' dir='ltr'>mensi</span> <span class='ocrx_word' id='word_1_13' title='bbox 844 467 915 503; x_wconf 88' lang='lat' dir='ltr'>est</span> 
     </span>
     <span class='ocr_line' id='line_1_5' title="bbox 272 532 853 588; baseline 0.003 -14"><span class='ocrx_word' id='word_1_14' title='bbox 272 538 433 575; x_wconf 83' lang='lat' dir='ltr'>auctor</span> <span class='ocrx_word' id='word_1_15' title='bbox 465 538 660 588; x_wconf 87' lang='lat' dir='ltr'>uterque</span> <span class='ocrx_word' id='word_1_16' title='bbox 690 532 853 576; x_wconf 81' lang='lat' dir='ltr'>bonus.</span> 
     </span>
    </p>
   </div>
   <div class='ocr_carea' id='block_1_3' title="bbox 178 1170 914 1569">
    <p class='ocr_par' dir='ltr' id='par_1_4' title="bbox 235 1170 914 1286">
     <span class='ocr_line' id='line_1_6' title="bbox 235 1170 914 1228; baseline -0.001 -14"><span class='ocrx_word' id='word_1_17' title='bbox 235 1171 398 1214; x_wconf 90' lang='lat' dir='ltr'>Iunius</span> <span class='ocrx_word' id='word_1_18' title='bbox 450 1170 616 1215; x_wconf 89' lang='lat' dir='ltr'>aetatis</span> <span class='ocrx_word' id='word_1_19' title='bbox 675 1171 914 1228; x_wconf 83' lang='lat' dir='ltr'>proximus</span> 
     </span>
     <span class='ocr_line' id='line_1_7' title="bbox 598 1242 853 1286; baseline 0.008 -2"><span class='ocrx_word' id='word_1_20' title='bbox 598 1248 669 1285; x_wconf 90' lang='lat' dir='ltr'>est</span> <span class='ocrx_word' id='word_1_21' title='bbox 703 1242 853 1286; x_wconf 88' lang='lat' dir='ltr'>titulo.</span> 
     </span>
    </p>

    <p class='ocr_par' dir='ltr' id='par_1_5' title="bbox 178 1312 913 1438">
     <span class='ocr_line' id='line_1_8' title="bbox 178 1312 913 1370; baseline 0 -15"><span class='ocrx_word' id='word_1_22' title='bbox 178 1312 340 1355; x_wconf 87' lang='lat' dir='ltr'>Iunius</span> <span class='ocrx_word' id='word_1_23' title='bbox 363 1313 489 1356; x_wconf 88' lang='lat' dir='ltr'>hunc</span> <span class='ocrx_word' id='word_1_24' title='bbox 514 1313 723 1370; x_wconf 83' lang='lat' dir='ltr'>sequitur</span> <span class='ocrx_word' id='word_1_25' title='bbox 740 1313 913 1370; x_wconf 78' lang='lat' dir='ltr'>duplici</span> 
     </span>
     <span class='ocr_line' id='line_1_9' title="bbox 331 1385 853 1438; baseline -0.002 -11"><span class='ocrx_word' id='word_1_26' title='bbox 331 1385 635 1428; x_wconf 86' lang='lat' dir='ltr'>celebrandus</span> <span class='ocrx_word' id='word_1_27' title='bbox 667 1386 853 1438; x_wconf 88' lang='lat' dir='ltr'>honore,</span> 
     </span>
    </p>

    <p class='ocr_par' dir='ltr' id='par_1_6' title="bbox 395 1454 914 1569">
     <span class='ocr_line' id='line_1_10' title="bbox 395 1454 914 1498; baseline -0.002 0"><span class='ocrx_word' id='word_1_28' title='bbox 395 1470 564 1498; x_wconf 89' lang='lat' dir='ltr'>nomen</span> <span class='ocrx_word' id='word_1_29' title='bbox 629 1458 747 1498; x_wconf 90' lang='lat' dir='ltr'>Iuno</span> <span class='ocrx_word' id='word_1_30' title='bbox 816 1454 914 1498; x_wconf 82' lang='lat' dir='ltr'>sive</span> 
     </span>
     <span class='ocr_line' id='line_1_11' title="bbox 481 1525 851 1569; baseline 0.003 -1"><span class='ocrx_word' id='word_1_31' title='bbox 481 1529 678 1569; x_wconf 84' lang='lat' dir='ltr'>Iuventa</span> <span class='ocrx_word' id='word_1_32' title='bbox 711 1525 851 1569; x_wconf 80' lang='lat' dir='ltr'>dedit.</span> 
     </span>
    </p>
   </div>
   <div class='ocr_carea' id='block_1_4' title="bbox 233 1456 325 1498">
    <p class='ocr_par' dir='ltr' id='par_1_7' title="bbox 233 1456 325 1498">
     <span class='ocr_line' id='line_1_12' title="bbox 233 1456 325 1498; baseline -0.011 0"><span class='ocrx_word' id='word_1_33' title='bbox 233 1456 325 1498; x_wconf 89' lang='lat' dir='ltr'>Seu</span> 
     </span>
    </p>
   </div>
   <div class='ocr_carea' id='block_1_5' title="bbox 173 2033 911 2434">
    <p class='ocr_par' dir='ltr' id='par_1_8' title="bbox 173 2033 911 2434">
     <span class='ocr_line' id='line_1_13' title="bbox 173 2033 911 2090; baseline 0.003 -14"><span class='ocrx_word' id='word_1_34' title='bbox 173 2033 374 2077; x_wconf 80' lang='lat' dir='ltr'>Nomine</span> <span class='ocrx_word' id='word_1_35' title='bbox 406 2035 629 2078; x_wconf 86' lang='lat' dir='ltr'>Caesareo</span> <span class='ocrx_word' id='word_1_36' title='bbox 653 2034 911 2090; x_wconf 68' lang='lat' dir='ltr'>Quintilem</span> 
     </span>
     <span class='ocr_line' id='line_1_14' title="bbox 511 2106 850 2162; baseline 0.009 -15"><span class='ocrx_word' id='word_1_37' title='bbox 511 2106 659 2149; x_wconf 84' lang='lat' dir='ltr'>Iulius</span> <span class='ocrx_word' id='word_1_38' title='bbox 693 2113 850 2162; x_wconf 85' lang='lat' dir='ltr'>auget.</span> 
     </span>
     <span class='ocr_line' id='line_1_15' title="bbox 176 2176 867 2234; baseline 0.004 -17"><span class='ocrx_word' id='word_1_39' title='bbox 176 2176 291 2218; x_wconf 88' lang='lat' dir='ltr'>Inde</span> <span class='ocrx_word' id='word_1_40' title='bbox 326 2176 534 2219; x_wconf 89' lang='lat' dir='ltr'>Dionaeo</span> <span class='ocrx_word' id='word_1_41' title='bbox 568 2178 867 2234; x_wconf 79' lang='lat' dir='ltr'>praefulgens</span> 
     </span>
     <span class='ocr_line' id='line_1_16' title="bbox 605 2249 911 2292; baseline 0.007 -3"><span class='ocrx_word' id='word_1_42' title='bbox 605 2249 753 2291; x_wconf 89' lang='lat' dir='ltr'>Iulius</span> <span class='ocrx_word' id='word_1_43' title='bbox 786 2256 911 2292; x_wconf 87' lang='lat' dir='ltr'>astro</span> 
     </span>
     <span class='ocr_line' id='line_1_17' title="bbox 233 2318 892 2376; baseline 0.002 -15"><span class='ocrx_word' id='word_1_44' title='bbox 233 2319 437 2361; x_wconf 81' lang='lat' dir='ltr'>Aestatis</span> <span class='ocrx_word' id='word_1_45' title='bbox 470 2318 650 2361; x_wconf 90' lang='lat' dir='ltr'>mediae</span> <span class='ocrx_word' id='word_1_46' title='bbox 683 2326 892 2376; x_wconf 87' lang='lat' dir='ltr'>tempora</span> 
     </span>
     <span class='ocr_line' id='line_1_18' title="bbox 613 2395 909 2434; baseline 0.003 -2"><span class='ocrx_word' id='word_1_47' title='bbox 613 2395 737 2432; x_wconf 87' lang='lat' dir='ltr'>certa</span> <span class='ocrx_word' id='word_1_48' title='bbox 770 2397 909 2434; x_wconf 88' lang='lat' dir='ltr'>tenet.</span> 
     </span>
    </p>
   </div>
   <div class='ocr_carea' id='block_1_6' title="bbox 986 318 1731 1085">
    <p class='ocr_par' dir='ltr' id='par_1_9' title="bbox 986 318 1731 1085">
     <span class='ocr_line' id='line_1_19' title="bbox 987 318 1731 361; baseline -0.001 0"><span class='ocrx_word' id='word_1_49' title='bbox 987 325 1198 361; x_wconf 84' lang='lat' dir='ltr'>auctores</span> <span class='ocrx_word' id='word_1_50' title='bbox 1220 318 1317 361; x_wconf 90' lang='lat' dir='ltr'>lata</span> <span class='ocrx_word' id='word_1_51' title='bbox 1338 318 1580 361; x_wconf 83' lang='lat' dir='ltr'>dissensio.</span> <span class='ocrx_word' id='word_1_52' title='bbox 1623 318 1731 361; x_wconf 86' lang='lat' dir='ltr'>Ful-</span> 
     </span>
     <span class='ocr_line' id='line_1_20' title="bbox 987 389 1727 433; baseline 0.001 -2"><span class='ocrx_word' id='word_1_53' title='bbox 987 389 1092 432; x_wconf 91' lang='lat' dir='ltr'>vius</span> <span class='ocrx_word' id='word_1_54' title='bbox 1126 389 1341 432; x_wconf 83' lang='lat' dir='ltr'>Nobilior</span> <span class='ocrx_word' id='word_1_55' title='bbox 1372 425 1380 433; x_wconf 88' lang='lat'><strong><em>.</em></strong></span> <span class='ocrx_word' id='word_1_56' title='bbox 1407 424 1415 432; x_wconf 96' lang='lat'><em>.</em></span> <span class='ocrx_word' id='word_1_57' title='bbox 1439 423 1447 432; x_wconf 91' lang='lat'>.</span> <span class='ocrx_word' id='word_1_58' title='bbox 1472 390 1727 432; x_wconf 87' lang='lat' dir='ltr'>Romulum</span> 
     </span>
     <span class='ocr_line' id='line_1_21' title="bbox 986 459 1731 517; baseline 0.001 -15"><span class='ocrx_word' id='word_1_59' title='bbox 986 459 1110 515; x_wconf 87' lang='lat' dir='ltr'>dicit,</span> <span class='ocrx_word' id='word_1_60' title='bbox 1151 466 1400 517; x_wconf 86' lang='lat' dir='ltr'>postquam</span> <span class='ocrx_word' id='word_1_61' title='bbox 1444 460 1494 504; x_wconf 90' lang='lat' dir='ltr'>in</span> <span class='ocrx_word' id='word_1_62' title='bbox 1532 459 1731 503; x_wconf 90' lang='lat' dir='ltr'>maiores</span> 
     </span>
     <span class='ocr_line' id='line_1_22' title="bbox 988 529 1730 587; baseline 0.001 -14"><span class='ocrx_word' id='word_1_63' title='bbox 988 530 1286 587; x_wconf 89' lang='lat' dir='ltr'>iunioresque</span> <span class='ocrx_word' id='word_1_64' title='bbox 1310 529 1482 586; x_wconf 86' lang='lat' dir='ltr'>divisit,</span> <span class='ocrx_word' id='word_1_65' title='bbox 1510 537 1563 574; x_wconf 90' lang='lat' dir='ltr'>ut</span> <span class='ocrx_word' id='word_1_66' title='bbox 1586 531 1730 574; x_wconf 86' lang='lat' dir='ltr'>altera</span> 
     </span>
     <span class='ocr_line' id='line_1_23' title="bbox 987 601 1730 659; baseline -0.001 -14"><span class='ocrx_word' id='word_1_67' title='bbox 987 617 1094 659; x_wconf 88' lang='lat' dir='ltr'>pars</span> <span class='ocrx_word' id='word_1_68' title='bbox 1148 601 1342 645; x_wconf 86' lang='lat' dir='ltr'>consilio</span> <span class='ocrx_word' id='word_1_69' title='bbox 1394 602 1539 645; x_wconf 91' lang='lat' dir='ltr'>altera</span> <span class='ocrx_word' id='word_1_70' title='bbox 1590 601 1730 645; x_wconf 88' lang='lat' dir='ltr'>armis</span> 
     </span>
     <span class='ocr_line' id='line_1_24' title="bbox 987 672 1729 730; baseline -0.003 -14"><span class='ocrx_word' id='word_1_71' title='bbox 987 688 1085 716; x_wconf 92' lang='lat' dir='ltr'>rem</span> <span class='ocrx_word' id='word_1_72' title='bbox 1131 673 1369 730; x_wconf 89' lang='lat' dir='ltr'>publicam</span> <span class='ocrx_word' id='word_1_73' title='bbox 1415 679 1635 727; x_wconf 85' lang='lat' dir='ltr'>tueretur,</span> <span class='ocrx_word' id='word_1_74' title='bbox 1681 672 1729 715; x_wconf 89' lang='lat' dir='ltr'>in</span> 
     </span>
     <span class='ocr_line' id='line_1_25' title="bbox 987 743 1729 801; baseline 0 -15"><span class='ocrx_word' id='word_1_75' title='bbox 987 745 1212 788; x_wconf 87' lang='lat' dir='ltr'>honorem</span> <span class='ocrx_word' id='word_1_76' title='bbox 1278 744 1524 800; x_wconf 89' lang='lat' dir='ltr'>utriusque</span> <span class='ocrx_word' id='word_1_77' title='bbox 1585 743 1729 801; x_wconf 88' lang='lat' dir='ltr'>partis</span> 
     </span>
     <span class='ocr_line' id='line_1_26' title="bbox 987 814 1731 871; baseline -0.001 -13"><span class='ocrx_word' id='word_1_78' title='bbox 987 814 1731 871; x_wconf 84' lang='lat' dir='ltr'>huncMaium‚sequentem1uni-</span> 
     </span>
     <span class='ocr_line' id='line_1_27' title="bbox 987 900 1729 930; baseline 0.001 -1"><span class='ocrx_word' id='word_1_79' title='bbox 987 901 1067 929; x_wconf 92' lang='lat' dir='ltr'>um</span> <span class='ocrx_word' id='word_1_80' title='bbox 1114 901 1324 930; x_wconf 86' lang='lat' dir='ltr'>mensem</span> <span class='ocrx_word' id='word_1_81' title='bbox 1372 900 1565 930; x_wconf 87' lang='lat' dir='ltr'>vocasse</span> <span class='ocrx_word' id='word_1_82' title='bbox 1614 921 1622 930; x_wconf 89' lang='lat'><strong><em>.</em></strong></span> <span class='ocrx_word' id='word_1_83' title='bbox 1669 921 1676 930; x_wconf 91' lang='lat'>.</span> <span class='ocrx_word' id='word_1_84' title='bbox 1721 921 1729 930; x_wconf 91' lang='lat'><em>.</em></span> 
     </span>
     <span class='ocr_line' id='line_1_28' title="bbox 988 956 1729 1014; baseline -0.003 -13"><span class='ocrx_word' id='word_1_85' title='bbox 988 956 1186 1014; x_wconf 87' lang='lat' dir='ltr'>Cingius</span> <span class='ocrx_word' id='word_1_86' title='bbox 1202 971 1412 1001; x_wconf 88' lang='lat' dir='ltr'>mensem</span> <span class='ocrx_word' id='word_1_87' title='bbox 1431 957 1729 1000; x_wconf 88' lang='lat' dir='ltr'>nominatum</span> 
     </span>
     <span class='ocr_line' id='line_1_29' title="bbox 987 1027 1354 1085; baseline 0.003 -14"><span class='ocrx_word' id='word_1_88' title='bbox 987 1035 1124 1085; x_wconf 89' lang='lat' dir='ltr'>putat</span> <span class='ocrx_word' id='word_1_89' title='bbox 1156 1044 1183 1072; x_wconf 89' lang='lat' dir='ltr'>a</span> <span class='ocrx_word' id='word_1_90' title='bbox 1216 1027 1354 1072; x_wconf 89' lang='lat' dir='ltr'>Maia.</span> 
     </span>
    </p>
   </div>
   <div class='ocr_carea' id='block_1_7' title="bbox 985 1170 1731 1925">
    <p class='ocr_par' dir='ltr' id='par_1_10' title="bbox 985 1170 1731 1925">
     <span class='ocr_line' id='line_1_30' title="bbox 1049 1170 1730 1228; baseline 0.001 -15"><span class='ocrx_word' id='word_1_91' title='bbox 1049 1175 1114 1214; x_wconf 91' lang='lat'>30.</span> <span class='ocrx_word' id='word_1_92' title='bbox 1172 1170 1337 1214; x_wconf 89' lang='lat' dir='ltr'>Iunius</span> <span class='ocrx_word' id='word_1_93' title='bbox 1371 1170 1548 1214; x_wconf 88' lang='lat' dir='ltr'>Maium</span> <span class='ocrx_word' id='word_1_94' title='bbox 1581 1171 1730 1228; x_wconf 87' lang='lat' dir='ltr'>sequi-</span> 
     </span>
     <span class='ocr_line' id='line_1_31' title="bbox 989 1242 1731 1299; baseline 0.001 -15"><span class='ocrx_word' id='word_1_95' title='bbox 989 1248 1077 1296; x_wconf 90' lang='lat' dir='ltr'>tur,</span> <span class='ocrx_word' id='word_1_96' title='bbox 1109 1249 1192 1285; x_wconf 90' lang='lat' dir='ltr'>aut</span> <span class='ocrx_word' id='word_1_97' title='bbox 1224 1257 1281 1285; x_wconf 85' lang='lat' dir='ltr'>ex</span> <span class='ocrx_word' id='word_1_98' title='bbox 1314 1248 1444 1299; x_wconf 87' lang='lat' dir='ltr'>parte</span> <span class='ocrx_word' id='word_1_99' title='bbox 1472 1242 1645 1299; x_wconf 90' lang='lat' dir='ltr'>populi,</span> <span class='ocrx_word' id='word_1_100' title='bbox 1678 1248 1731 1285; x_wconf 88' lang='lat' dir='ltr'>ut</span> 
     </span>
     <span class='ocr_line' id='line_1_32' title="bbox 989 1312 1729 1370; baseline 0.001 -15"><span class='ocrx_word' id='word_1_101' title='bbox 989 1328 1129 1370; x_wconf 88' lang='lat' dir='ltr'>supra</span> <span class='ocrx_word' id='word_1_102' title='bbox 1181 1312 1397 1368; x_wconf 79' lang='lat' dir='ltr'>diximus,</span> <span class='ocrx_word' id='word_1_103' title='bbox 1459 1313 1729 1356; x_wconf 89' lang='lat' dir='ltr'>nominatus</span> 
     </span>
     <span class='ocr_line' id='line_1_33' title="bbox 987 1384 1729 1441; baseline 0 -14"><span class='ocrx_word' id='word_1_104' title='bbox 987 1391 1080 1439; x_wconf 81' lang='lat' dir='ltr'>aut,</span> <span class='ocrx_word' id='word_1_105' title='bbox 1128 1391 1181 1427; x_wconf 92' lang='lat' dir='ltr'>ut</span> <span class='ocrx_word' id='word_1_106' title='bbox 1226 1384 1424 1441; x_wconf 87' lang='lat' dir='ltr'>Cingius</span> <span class='ocrx_word' id='word_1_107' title='bbox 1467 1384 1729 1438; x_wconf 87' lang='lat' dir='ltr'>arbitratur,</span> 
     </span>
     <span class='ocr_line' id='line_1_34' title="bbox 987 1454 1729 1512; baseline 0.001 -15"><span class='ocrx_word' id='word_1_108' title='bbox 987 1455 1110 1511; x_wconf 89' lang='lat' dir='ltr'>quod</span> <span class='ocrx_word' id='word_1_109' title='bbox 1134 1455 1362 1498; x_wconf 88' lang='lat' dir='ltr'>Iunonius</span> <span class='ocrx_word' id='word_1_110' title='bbox 1386 1456 1509 1512; x_wconf 89' lang='lat' dir='ltr'>apud</span> <span class='ocrx_word' id='word_1_111' title='bbox 1533 1454 1729 1502; x_wconf 89' lang='lat' dir='ltr'>Latinos</span> 
     </span>
     <span class='ocr_line' id='line_1_35' title="bbox 987 1525 1728 1583; baseline 0.001 -15"><span class='ocrx_word' id='word_1_112' title='bbox 987 1532 1095 1569; x_wconf 85' lang='lat' dir='ltr'>ante</span> <span class='ocrx_word' id='word_1_113' title='bbox 1126 1525 1360 1569; x_wconf 87' lang='lat' dir='ltr'>vocitatus</span> <span class='ocrx_word' id='word_1_114' title='bbox 1393 1526 1565 1583; x_wconf 90' lang='lat' dir='ltr'>diuque</span> <span class='ocrx_word' id='word_1_115' title='bbox 1604 1527 1728 1583; x_wconf 86' lang='lat' dir='ltr'>apud</span> 
     </span>
     <span class='ocr_line' id='line_1_36' title="bbox 987 1597 1729 1654; baseline 0.001 -15"><span class='ocrx_word' id='word_1_116' title='bbox 987 1597 1198 1640; x_wconf 86' lang='lat' dir='ltr'>Aricinos</span> <span class='ocrx_word' id='word_1_117' title='bbox 1210 1598 1630 1654; x_wconf 88' lang='lat' dir='ltr'>Praenestinosque</span> <span class='ocrx_word' id='word_1_118' title='bbox 1640 1598 1729 1641; x_wconf 89' lang='lat' dir='ltr'>hac</span> 
     </span>
     <span class='ocr_line' id='line_1_37' title="bbox 986 1667 1728 1725; baseline 0.001 -14"><span class='ocrx_word' id='word_1_119' title='bbox 986 1667 1301 1725; x_wconf 86' lang='lat' dir='ltr'>appellatione</span> <span class='ocrx_word' id='word_1_120' title='bbox 1318 1667 1367 1711; x_wconf 89' lang='lat' dir='ltr'>in</span> <span class='ocrx_word' id='word_1_121' title='bbox 1385 1669 1530 1712; x_wconf 82' lang='lat' dir='ltr'>fastos</span> <span class='ocrx_word' id='word_1_122' title='bbox 1553 1670 1728 1712; x_wconf 86' lang='lat' dir='ltr'>relatus</span> 
     </span>
     <span class='ocr_line' id='line_1_38' title="bbox 986 1739 1728 1783; baseline 0.003 -2"><span class='ocrx_word' id='word_1_123' title='bbox 986 1739 1047 1782; x_wconf 87' lang='lat' dir='ltr'>sit</span> <span class='ocrx_word' id='word_1_124' title='bbox 1076 1773 1084 1782; x_wconf 90' lang='lat'>.</span> <span class='ocrx_word' id='word_1_125' title='bbox 1119 1775 1126 1783; x_wconf 91' lang='lat'>.</span> <span class='ocrx_word' id='word_1_126' title='bbox 1155 1774 1162 1782; x_wconf 93' lang='lat'>.</span> <span class='ocrx_word' id='word_1_127' title='bbox 1197 1754 1305 1782; x_wconf 85' lang='lat' dir='ltr'>nam</span> <span class='ocrx_word' id='word_1_128' title='bbox 1329 1747 1376 1783; x_wconf 92' lang='lat' dir='ltr'>et</span> <span class='ocrx_word' id='word_1_129' title='bbox 1397 1740 1535 1783; x_wconf 87' lang='lat' dir='ltr'>aedes</span> <span class='ocrx_word' id='word_1_130' title='bbox 1559 1741 1728 1783; x_wconf 89' lang='lat' dir='ltr'>Iunoni</span> 
     </span>
     <span class='ocr_line' id='line_1_39' title="bbox 988 1810 1729 1855; baseline 0.004 -3"><span class='ocrx_word' id='word_1_131' title='bbox 988 1813 1205 1853; x_wconf 87' lang='lat' dir='ltr'>Monetae</span> <span class='ocrx_word' id='word_1_132' title='bbox 1238 1810 1451 1854; x_wconf 87' lang='lat' dir='ltr'>kalendis</span> <span class='ocrx_word' id='word_1_133' title='bbox 1477 1812 1622 1855; x_wconf 88' lang='lat' dir='ltr'>Iuniis</span> <span class='ocrx_word' id='word_1_134' title='bbox 1656 1812 1729 1854; x_wconf 91' lang='lat' dir='ltr'>de-</span> 
     </span>
     <span class='ocr_line' id='line_1_40' title="bbox 985 1880 1257 1925; baseline 0.004 -3"><span class='ocrx_word' id='word_1_135' title='bbox 985 1880 1139 1924; x_wconf 87' lang='lat' dir='ltr'>dicata</span> <span class='ocrx_word' id='word_1_136' title='bbox 1173 1888 1257 1925; x_wconf 83' lang='lat' dir='ltr'>est.</span> 
     </span>
    </p>
   </div>
   <div class='ocr_carea' id='block_1_8' title="bbox 984 2036 1728 2801">
    <p class='ocr_par' dir='ltr' id='par_1_11' title="bbox 984 2036 1728 2801">
     <span class='ocr_line' id='line_1_41' title="bbox 1046 2036 1728 2094; baseline 0.003 -16"><span class='ocrx_word' id='word_1_137' title='bbox 1046 2039 1112 2078; x_wconf 84' lang='lat'>34.</span> <span class='ocrx_word' id='word_1_138' title='bbox 1176 2036 1386 2093; x_wconf 86' lang='lat' dir='ltr'>sequitur</span> <span class='ocrx_word' id='word_1_139' title='bbox 1435 2038 1584 2080; x_wconf 81' lang='lat' dir='ltr'>Iulius</span> <span class='ocrx_word' id='word_1_140' title='bbox 1637 2037 1728 2094; x_wconf 88' lang='lat' dir='ltr'>qui,</span> 
     </span>
     <span class='ocr_line' id='line_1_42' title="bbox 987 2108 1728 2151; baseline 0.001 -2"><span class='ocrx_word' id='word_1_141' title='bbox 987 2121 1092 2149; x_wconf 88' lang='lat' dir='ltr'>cum</span> <span class='ocrx_word' id='word_1_142' title='bbox 1116 2108 1373 2150; x_wconf 89' lang='lat' dir='ltr'>secundum</span> <span class='ocrx_word' id='word_1_143' title='bbox 1399 2108 1587 2151; x_wconf 89' lang='lat' dir='ltr'>Romuli</span> <span class='ocrx_word' id='word_1_144' title='bbox 1611 2108 1728 2151; x_wconf 85' lang='lat' dir='ltr'>ordi-</span> 
     </span>
     <span class='ocr_line' id='line_1_43' title="bbox 985 2178 1728 2222; baseline 0.003 -2"><span class='ocrx_word' id='word_1_145' title='bbox 985 2178 1225 2221; x_wconf 85' lang='lat' dir='ltr'>nationem</span> <span class='ocrx_word' id='word_1_146' title='bbox 1280 2180 1449 2222; x_wconf 78' lang='lat' dir='ltr'>Martio</span> <span class='ocrx_word' id='word_1_147' title='bbox 1503 2179 1611 2222; x_wconf 87' lang='lat' dir='ltr'>anni</span> <span class='ocrx_word' id='word_1_148' title='bbox 1666 2186 1728 2222; x_wconf 89' lang='lat' dir='ltr'>te-</span> 
     </span>
     <span class='ocr_line' id='line_1_44' title="bbox 985 2249 1725 2307; baseline 0.001 -15"><span class='ocrx_word' id='word_1_149' title='bbox 985 2256 1128 2292; x_wconf 87' lang='lat' dir='ltr'>nente</span> <span class='ocrx_word' id='word_1_150' title='bbox 1174 2250 1454 2307; x_wconf 86' lang='lat' dir='ltr'>principium</span> <span class='ocrx_word' id='word_1_151' title='bbox 1502 2249 1725 2305; x_wconf 73' lang='lat' dir='ltr'>Quintilis</span> 
     </span>
     <span class='ocr_line' id='line_1_45' title="bbox 987 2321 1727 2375; baseline 0 -12"><span class='ocrx_word' id='word_1_152' title='bbox 987 2336 1013 2363; x_wconf 87' lang='lat' dir='ltr'>a</span> <span class='ocrx_word' id='word_1_153' title='bbox 1049 2335 1244 2363; x_wconf 88' lang='lat' dir='ltr'>numero</span> <span class='ocrx_word' id='word_1_154' title='bbox 1284 2328 1537 2375; x_wconf 88' lang='lat' dir='ltr'>vocaretur,</span> <span class='ocrx_word' id='word_1_155' title='bbox 1579 2321 1727 2363; x_wconf 91' lang='lat' dir='ltr'>nihilo</span> 
     </span>
     <span class='ocr_line' id='line_1_46' title="bbox 985 2390 1727 2448; baseline 0.001 -15"><span class='ocrx_word' id='word_1_156' title='bbox 985 2390 1141 2434; x_wconf 88' lang='lat' dir='ltr'>minus</span> <span class='ocrx_word' id='word_1_157' title='bbox 1205 2399 1361 2435; x_wconf 89' lang='lat' dir='ltr'>tamen</span> <span class='ocrx_word' id='word_1_158' title='bbox 1425 2391 1565 2435; x_wconf 88' lang='lat' dir='ltr'>etiam</span> <span class='ocrx_word' id='word_1_159' title='bbox 1620 2399 1727 2448; x_wconf 89' lang='lat' dir='ltr'>post</span> 
     </span>
     <span class='ocr_line' id='line_1_47' title="bbox 986 2461 1727 2518; baseline 0.001 -14"><span class='ocrx_word' id='word_1_160' title='bbox 986 2461 1274 2518; x_wconf 85' lang='lat' dir='ltr'>praepositos</span> <span class='ocrx_word' id='word_1_161' title='bbox 1322 2478 1348 2505; x_wconf 91' lang='lat' dir='ltr'>a</span> <span class='ocrx_word' id='word_1_162' title='bbox 1393 2464 1551 2504; x_wconf 87' lang='lat' dir='ltr'>Numa</span> <span class='ocrx_word' id='word_1_163' title='bbox 1591 2465 1727 2505; x_wconf 87' lang='lat' dir='ltr'>Ianu-</span> 
     </span>
     <span class='ocr_line' id='line_1_48' title="bbox 987 2532 1727 2576; baseline 0.003 -2"><span class='ocrx_word' id='word_1_164' title='bbox 987 2532 1135 2575; x_wconf 86' lang='lat' dir='ltr'>arium</span> <span class='ocrx_word' id='word_1_165' title='bbox 1181 2548 1234 2575; x_wconf 90' lang='lat' dir='ltr'>ac</span> <span class='ocrx_word' id='word_1_166' title='bbox 1279 2533 1584 2575; x_wconf 83' lang='lat' dir='ltr'>Februarium</span> <span class='ocrx_word' id='word_1_167' title='bbox 1622 2535 1727 2576; x_wconf 83' lang='lat' dir='ltr'>reti-</span> 
     </span>
     <span class='ocr_line' id='line_1_49' title="bbox 987 2603 1726 2658; baseline 0.003 -13"><span class='ocrx_word' id='word_1_168' title='bbox 987 2603 1091 2646; x_wconf 87' lang='lat' dir='ltr'>nuit</span> <span class='ocrx_word' id='word_1_169' title='bbox 1113 2619 1296 2658; x_wconf 82' lang='lat' dir='ltr'>nomen‚</span> <span class='ocrx_word' id='word_1_170' title='bbox 1316 2618 1420 2646; x_wconf 88' lang='lat' dir='ltr'>curn</span> <span class='ocrx_word' id='word_1_171' title='bbox 1439 2618 1532 2646; x_wconf 90' lang='lat' dir='ltr'>non</span> <span class='ocrx_word' id='word_1_172' title='bbox 1552 2603 1726 2647; x_wconf 84' lang='lat' dir='ltr'>videre-</span> 
     </span>
     <span class='ocr_line' id='line_1_50' title="bbox 989 2674 1723 2730; baseline 0.003 -14"><span class='ocrx_word' id='word_1_173' title='bbox 989 2680 1063 2716; x_wconf 88' lang='lat' dir='ltr'>tur</span> <span class='ocrx_word' id='word_1_174' title='bbox 1106 2674 1199 2717; x_wconf 91' lang='lat' dir='ltr'>iam</span> <span class='ocrx_word' id='word_1_175' title='bbox 1240 2674 1432 2730; x_wconf 88' lang='lat' dir='ltr'>quintus</span> <span class='ocrx_word' id='word_1_176' title='bbox 1481 2690 1596 2729; x_wconf 86' lang='lat' dir='ltr'>esse3</span> <span class='ocrx_word' id='word_1_177' title='bbox 1645 2677 1723 2718; x_wconf 82' lang='lat' dir='ltr'>sed</span> 
     </span>
     <span class='ocr_line' id='line_1_51' title="bbox 984 2745 1724 2801; baseline 0.001 -13"><span class='ocrx_word' id='word_1_178' title='bbox 984 2752 1147 2801; x_wconf 87' lang='lat' dir='ltr'>postea</span> <span class='ocrx_word' id='word_1_179' title='bbox 1169 2745 1217 2788; x_wconf 93' lang='lat' dir='ltr'>in</span> <span class='ocrx_word' id='word_1_180' title='bbox 1241 2746 1464 2788; x_wconf 86' lang='lat' dir='ltr'>honorem</span> <span class='ocrx_word' id='word_1_181' title='bbox 1489 2746 1595 2788; x_wconf 89' lang='lat' dir='ltr'>Iulii</span> <span class='ocrx_word' id='word_1_182' title='bbox 1616 2747 1724 2789; x_wconf 87' lang='lat' dir='ltr'>Cae-</span> 
     </span>
    </p>
   </div>
   <div class='ocr_carea' id='block_1_9' title="bbox 984 2815 1726 2923">
    <p class='ocr_par' dir='ltr' id='par_1_12' title="bbox 984 2815 1726 2923">
     <span class='ocr_line' id='line_1_52' title="bbox 984 2815 1726 2872; baseline 0.003 -14"><span class='ocrx_word' id='word_1_183' title='bbox 984 2816 1101 2859; x_wconf 87' lang='lat' dir='ltr'>saris</span> <span class='ocrx_word' id='word_1_184' title='bbox 1119 2815 1359 2859; x_wconf 84' lang='lat' dir='ltr'>dictatoris</span> <span class='ocrx_word' id='word_1_185' title='bbox 1377 2817 1531 2872; x_wconf 80' lang='lat' dir='ltr'>legem</span> <span class='ocrx_word' id='word_1_186' title='bbox 1549 2818 1726 2860; x_wconf 77' lang='lat' dir='ltr'>ferente</span> 
     </span>
     <span class='ocr_line' id='line_1_53' title="bbox 1582 2887 1604 2923; baseline 0 0"><span class='ocrx_word' id='word_1_187' title='bbox 1582 2887 1604 2923; x_wconf 91' lang='lat'>5</span> 
     </span>
    </p>
   </div>
  </div>
 </body>
</html>
