2001 3099
802 132 1086 171 *19*-

173 284 304 313 arum
322 270 433 313 locis
451 269 748 325 usurpavisse
764 269 820 313 G.
840 269 1076 323 Knaack1)
1091 267 1440 322 demonstravit,
1454 268 1568 311 haec
1584 268 1724 311 verba

174 342 409 398 quondam
441 340 489 383 in
524 340 719 396 Hygino
752 341 958 396 pleniore
990 339 1238 383 invenisse.
1293 340 1371 382 sed
1402 341 1490 382 hoc
1519 339 1618 382 fieri
1649 354 1725 396 po-

175 412 319 456 tuisse
341 412 596 468 praefracte
614 426 749 467 nego,
774 425 878 453 cum
900 411 1042 454 verba
1064 412 1189 453 ulfra
1213 411 1558 453 constructionis
1578 411 1725 466 spatia

173 483 219 524 in
259 481 490 526 sententia
534 497 724 538 quarum
759 508 811 512 —-
847 483 1085 538 respicitur
1122 482 1180 524 ad
1221 482 1404 524 nullum
1442 481 1725 524 vocabulum

173 560 295 596 recte
327 552 557 610 applicare
590 552 836 609 possimus,
892 567 981 608 qua
1014 553 1071 596 de
1104 566 1244 595 causa
1276 566 1369 595 non
1405 552 1579 606 dubito,
1613 551 1724 608 quin

175 623 491 668 Cassiodorius
515 625 571 667 ab
596 625 684 668 alio
708 625 911 682 quodam
944 623 1178 680 scriptore,
1212 624 1291 679 qui
1315 623 1371 666 de
1405 622 1726 679 pyramidibus

173 695 402 749 disseruit,
436 694 497 738 sit
529 702 801 750 commotus,
835 701 887 738 ut
920 701 966 738 et
997 695 1112 737 haec
1145 701 1191 737 et
1223 695 1365 737 verba
1397 709 1442 736 se
1467 709 1727 736 consumens

172 766 499 823 interponeret.
563 767 688 809 hunc
721 772 876 809 autem
910 766 1182 822 scriptorem
1204 763 1508 807 Ammianum
1539 766 1728 807 Marcel-

173 836 332 891 linum,
355 850 493 893 quem
512 836 804 880 Cassiodorio
828 835 1071 893 cognitum
1091 835 1370 892 saepiusque
1391 837 1563 879 lectum
1583 836 1727 878 fuisse

174 914 350 950 certum
369 915 439 951 est
450 910 495 962 2),
513 909 655 951 fuisse
674 908 770 952 veri
791 923 882 951 non
901 907 1128 951 dissimile
1146 914 1228 952 est.
1264 907 1565 950 Ammianum
1585 910 1725 950 XXII

177 981 238 1032 15,
273 981 326 1020 28
360 985 517 1021 autem
549 979 718 1022 iterum
753 994 778 1021 a
811 979 974 1023 Solino
1007 979 1209 1035 pendere
1241 983 1331 1021 iarn
1368 978 1413 1020 F.
1441 978 1724 1034 Rabenald3)

172 1050 385 1092 ostendit.
449 1050 528 1093 sed
553 1051 854 1092 Ammianum
883 1064 976 1093 non
1009 1050 1176 1104 omnia,
1200 1064 1319 1106 quae
1343 1048 1543 1103 exhibet,
1566 1049 1728 1094 Solino

172 1120 338 1163 debere
384 1121 684 1164 manifestum
740 1128 822 1165 est.
900 1135 1001 1163 eam
1062 1121 1388 1164 tantummodo
1444 1119 1727 1164 sententiam

172 1190 332 1246 Solini,
356 1206 445 1247 qua
468 1191 581 1235 dicit
602 1193 867 1249 pyramides
891 1193 1013 1235 ultra
1036 1191 1353 1235 excelsitatem
1380 1206 1579 1246 omnem,
1610 1206 1728 1248 quae

173 1262 272 1304 fieri
325 1277 468 1306 manu
517 1264 681 1320 possit,
729 1278 939 1320 surgere,
984 1264 1169 1320 recepit.
1239 1263 1417 1319 reliqua
1467 1263 1634 1318 omnia,
1678 1269 1731 1306 ut

172 1332 427 1391 pyramidis
476 1335 811 1391 etymologiam
863 1342 909 1378 et
959 1335 1098 1378 verba
1144 1335 1324 1376 umbras
1372 1335 1592 1376 consumit
1637 1349 1728 1377 non

173 1404 355 1447 invenit
387 1406 510 1461 apud
543 1405 769 1449 Solinum.
832 1406 947 1448 haec
981 1412 1139 1448 autern
1172 1420 1279 1448 eum
1313 1419 1404 1447 non
1430 1405 1488 1448 de
1520 1420 1617 1459 suo,
1650 1406 1728 1448 sed

174 1475 229 1517 de
263 1476 408 1518 altero
442 1477 568 1518 fonte
607 1477 821 1519 hausisse
853 1478 945 1519 iam
980 1475 1083 1519 ideo
1115 1491 1198 1532 pro
1241 1482 1365 1518 certo
1405 1476 1567 1530 habeo,
1606 1477 1726 1533 quod

174 1545 219 1587 in
270 1547 357 1588 hac
400 1547 610 1590 doctrina
658 1548 932 1603 proferenda
976 1546 1146 1589 iterum
1194 1546 1307 1589 dicit
1351 1546 1728 1602 magnitudinem

174 1617 467 1672 pyramidum
501 1617 548 1660 in
584 1619 909 1661 celsitudinem
944 1618 1136 1660 nimiam
1170 1619 1405 1660 scandere.
1468 1618 1592 1660 hunc
1621 1633 1730 1661 vero

174 1688 349 1730 fontem
397 1688 537 1732 etiam
581 1689 776 1732 Ausonii
822 1690 1000 1732 fontem
1045 1689 1187 1732 fuisse
1232 1695 1476 1745 propterea
1519 1689 1614 1732 veri
1662 1698 1731 1731 est

175 1758 344 1813 simile,
388 1761 509 1815 quod
548 1768 800 1816 utrumque
843 1761 1116 1816 scriptorem
1159 1759 1325 1802 iisdem
1365 1760 1517 1803 verbis
1562 1760 1729 1816 (conus,

175 1830 353 1872 umbras
392 1836 662 1883 consumere)
699 1831 766 1874 uti
808 1831 1032 1875 videmus.
1096 1831 1152 1874 ad
1193 1832 1319 1873 hunc
1357 1837 1514 1873 autem
1553 1831 1729 1873 fontem

175 1900 393 1944 ultimum
417 1901 557 1945 etiam
582 1903 789 1945 Isidorus
819 1903 1032 1945 recedere
1062 1901 1257 1955 videtur,
1292 1901 1382 1958 qui,
1416 1902 1537 1944 sicut
1560 1903 1732 1944 Ammi-

173 1987 302 2027 anus,
336 1979 382 2015 et
409 1973 620 2017 Solinum
635 1975 666 2029 4)
701 1972 889 2016 adhibet
925 1980 970 2016 et
1003 1974 1137 2029 plura
1170 1972 1371 2026 exhibet,
1406 1986 1509 2015 cum
1545 1973 1729 2016 easdem

323 2116 345 2158 ¹)
372 2115 393 2149 l.
414 2125 441 2150 c.
470 2125 502 2160 p.
521 2114 591 2151 585
618 2125 697 2160 sqq.

318 2175 344 2218 2)
371 2174 411 2209 cf.
441 2174 481 2209 K.
501 2174 676 2215 Schirren,
702 2174 747 2209 de
773 2175 920 2216 ratione,
948 2184 1041 2218 quae
1074 2176 1164 2209 inter
1190 2174 1381 2210 Iordanem
1409 2178 1443 2209 et
1463 2174 1731 2210 Cassiodorium

176 2234 379 2275 intercedat,
406 2237 596 2269 comment.
649 2234 785 2278 Dorpat
814 2233 903 2269 1858
929 2243 962 2277 p.
990 2233 1046 2269 36.

319 2292 348 2334 ³)
376 2291 640 2335 Quaestionum
667 2292 930 2328 Solinianarum
957 2294 1072 2337 capim
1098 2293 1173 2335 tria,
1201 2293 1286 2327 diss.
1315 2293 1393 2328 Hal.
1425 2293 1514 2328 1909
1540 2304 1573 2338 p.
1592 2293 1646 2328 25.

318 2351 346 2393 4)
374 2351 468 2386 hunc
494 2353 702 2397 scriptorem
729 2352 774 2386 ab
792 2351 928 2385 Isidoro
955 2360 1129 2396 persaepe
1147 2361 1230 2387 esse
1256 2355 1463 2396 excerptum
1489 2354 1580 2387 inter
1605 2362 1733 2387 omnes

176 2410 271 2444 viros
297 2410 423 2445 doctos
449 2411 605 2452 constat;
633 2411 674 2445 cf.
693 2410 754 2445 Th.
775 2410 981 2445 Mommsen
1000 2412 1035 2444 in
1062 2410 1145 2445 edit.
1195 2410 1309 2445 Solini
1337 2411 1443 2445 altera
1464 2411 1593 2454 (Berol.
1616 2411 1732 2454 1895),

179 2469 237 2502 ubi
264 2470 316 2502 vir
341 2469 571 2504 doctissimus
598 2472 633 2504 in
667 2471 826 2515 margine
853 2479 894 2504 ea
921 2469 1101 2511 indicavit,
1135 2480 1227 2514 quae
1254 2469 1408 2504 Isidorus
1441 2471 1648 2514 compilavit
1674 2472 1733 2505 aut

177 2528 372 2571 exscripsit.
424 2528 467 2562 Η.
495 2528 659 2570 Dressel,
699 2529 744 2563 de
777 2528 899 2563 Isidori
932 2529 1111 2573 originum
1144 2529 1305 2564 fontibus
1337 2529 1422 2564 diss.
1451 2528 1612 2574 Gotting.
1644 2529 1733 2564 1874

179 2596 210 2630 p.
230 2586 285 2621 45.
312 2587 367 2621 46.
418 2588 459 2621 A.
488 2587 642 2629 Schenk,
675 2588 720 2622 de
747 2587 870 2623 Isidori
897 2588 941 2622 de
974 2590 1097 2622 natura
1130 2598 1244 2622 rerum
1278 2588 1388 2623 libelli
1423 2588 1591 2629 fontibus,
1624 2588 1734 2622 Jerlae

181 2645 269 2679 1909
295 2655 327 2689 p.
355 2646 401 2680 60
426 2655 479 2690 sq.
531 2647 574 2681 H.
595 2646 748 2691 Philipp,
782 2647 839 2680 die
867 2647 1391 2692 historiscii-geographischen
1419 2647 1575 2688 Quellen
1602 2649 1636 2681 in
1663 2649 1732 2681 den

177 2704 418 2749 etymologiae
444 2706 508 2740 des
534 2704 691 2740 Isidorus
723 2715 795 2740 von
821 2704 964 2740 Sevilla.
1016 2704 1090 2739 Teii
1116 2705 1127 2739 I
1161 2706 1594 2751 Quellenuntersuchung
1627 2706 1733 2749 (Berl.

182 2762 287 2804 1912)
314 2773 346 2807 p.
374 2763 420 2797 74
446 2773 524 2808 sqq.

1591 2823 1636 2843 ⁶⁷)ss
