2001 3099
855 119 1150 159 „46ss

221 256 349 299 nium
384 271 569 313 quoque
602 273 658 299 ex
692 260 902 302 Varrone
940 258 1042 315 ipso
1075 258 1300 313 hausisse,
1338 259 1384 301 id
1418 260 1541 316 quod
1576 260 1621 303 C.
1647 260 1778 303 Fries

221 328 520 381 existimavit,
554 335 651 372 'non
687 329 860 386 opinor.
927 329 1023 373 veri
1067 330 1265 373 similius
1304 329 1419 372 mihi
1454 330 1640 374 videtur
1682 346 1782 374 esse

222 398 484 442 Favonium
508 399 767 443 doctrinam
792 400 1133 444 Varronianam
1161 402 1219 444 ab
1242 401 1388 444 altero
1411 407 1611 456 auctore,
1644 416 1781 458 quem

221 470 488 514 Chalcidius
523 486 719 528 quoque,
756 472 963 515 Platonis
995 471 1180 515 Timaei
1214 472 1455 529 interpres,
1489 472 1784 529 exscripsit,¹)

220 542 464 598 accepisse.
529 549 732 586 ceterum
777 543 1016 587 Favonius
1063 558 1247 600 quoque
1293 559 1444 587 errore
1489 551 1560 587 est
1602 545 1782 599 ductus,

220 628 324 656 cum
358 612 579 657 scriberet
611 630 636 657 a
678 615 884 658 Saturno
925 616 983 657 ad
1024 614 1301 671 signiferum
1342 629 1442 658 esse
1475 615 1781 659 hemitonion.

219 685 298 727 sed
332 685 473 727 huius
513 685 677 728 erroris
712 693 874 743 postea
907 686 1135 729 rationem
1176 701 1269 729 non
1302 686 1480 742 habuit,
1519 701 1624 729 cum
1659 693 1782 729 recte

218 756 390 799 diceret
422 771 449 799 a
470 756 618 800 Terra
650 758 707 800 ad
732 758 890 802 Solem
913 757 1203 801 diatessaron
1228 758 1418 801 reboare
1440 759 1782 815 symphoniam,

218 843 243 870 a
275 828 384 872 Sole
419 842 530 871 vero
563 829 620 871 ad
654 828 948 885 Signiferum
981 827 1212 886 diapente.

360 906 652 943 revertamur
698 907 806 958 post
852 900 968 943 haec
1017 899 1305 943 deverticula
1352 901 1409 943 ad
1460 899 1779 944 Censorinum.

219 986 312 1013 non
347 977 429 1026 est,
463 971 587 1028 quod
619 970 843 1015 miremur
876 970 1029 1014 virum
1065 970 1300 1015 curiosum
1333 972 1422 1015 hoc
1456 979 1598 1029 caput
1632 975 1681 1014 13
1714 972 1781 1029 ip-

217 1057 320 1084 sum
367 1041 414 1085 in
460 1041 671 1086 libellum
713 1042 885 1087 fautori
928 1043 1190 1088 litterarum
1238 1043 1447 1087 studioso
1492 1044 1780 1087 destinatum

216 1114 455 1170 recepisse,
487 1115 703 1170 quamvis
727 1116 834 1158 laxo
858 1114 1047 1159 vinculo
1071 1130 1177 1158 cum
1211 1114 1375 1159 ceteris
1409 1115 1779 1169 coniungeretur.

217 1200 505 1242 quamquam
538 1185 784 1242 nescimus,
819 1193 977 1230 utrum
1012 1185 1309 1241 Censorinus,
1348 1186 1427 1242 qui
1460 1186 1540 1229 illo
1574 1193 1780 1242 tempore

217 1257 350 1309 vixit,
384 1272 476 1314 quo
512 1257 915 1314 Pythagoreorum
951 1258 1111 1301 schola
1144 1258 1487 1312 renascebatur,
1520 1257 1779 1301 doctrinam

216 1328 465 1371 sublimem
477 1332 522 1383 ²),
547 1343 639 1386 qua
662 1337 757 1373 tam
783 1330 976 1386 pulchre
999 1330 1070 1373 vis
1093 1336 1290 1373 naturae
1312 1328 1499 1384 legibus
1523 1328 1778 1372 constituta

216 1407 286 1442 est
319 1415 550 1457 expressa,
583 1400 683 1457 ipse
706 1402 941 1457 professus
975 1400 1036 1444 sit
1066 1415 1224 1455 necne,
1258 1415 1416 1443 nonne
1438 1399 1531 1443 iam
1553 1399 1655 1457 ipsa
1677 1401 1781 1443 sub-

216 1470 415 1515 limitate
447 1472 687 1516 doctrinae
733 1472 820 1516 erit
854 1480 1134 1527 commotus,
1179 1479 1232 1515 ut
1271 1486 1372 1515 eam
1417 1472 1493 1514 hic
1531 1472 1781 1528 proferret?

216 1550 420 1586 ceterum
454 1558 536 1600 pro
570 1550 694 1587 certo
738 1545 965 1587 habemus
1007 1559 1113 1587 eum
1155 1559 1181 1587 a
1214 1546 1441 1598 Varrone,
1481 1558 1620 1600 quem
1658 1544 1779 1586 hanc

216 1615 477 1658 doctrinam
501 1614 548 1657 in
584 1614 763 1658 musica
787 1630 984 1672 quoque,
1019 1630 1110 1672 qua
1134 1614 1443 1659 Censorinum
1475 1615 1522 1657 in
1547 1614 1777 1671 capitibus

215 1685 602 1730 antecedentibus
635 1701 736 1730 esse
760 1701 897 1730 usum
932 1701 1056 1730 nunc
1088 1686 1528 1741 demonstrabimus,
1562 1686 1778 1742 attigisse

216 1757 312 1800 veri
346 1765 418 1802 est
449 1757 753 1813 simillimum,
787 1759 843 1802 ad
877 1759 966 1801 hoc
999 1765 1140 1815 caput
1172 1773 1273 1802 esse
1306 1765 1588 1802 revocatum.

358 1901 516 1947 Etiam
547 1901 595 1944 in
620 1917 653 1944 c.
684 1905 733 1943 12
768 1902 1028 1945 doctrinam
1052 1900 1394 1945 Varronianam
1419 1915 1520 1944 esse
1542 1907 1774 1944 servatam

215 1971 307 2016 iam
357 1974 411 2019 Ε.
452 1974 624 2016 Holzer
673 1979 720 2016 et
767 1974 817 2016 A.
861 1973 1005 2016 Hahn
1055 1973 1508 2016 demonstraverunt.
1580 1973 1658 2014 ille
1706 1972 1777 2016 vir

215 2046 424 2099 doctus³)
464 2043 705 2089 Censorini
746 2046 909 2089 verba:
959 2050 1063 2088 ‘non
1106 2044 1387 2100 tibicinibus,
1427 2059 1508 2101 per
1546 2058 1661 2101 quos
1695 2058 1777 2086 nu-

362 2226 387 2268 1)
413 2225 449 2260 F.
475 2224 632 2261 Skutsch
667 2225 860 2272 (philolog.
889 2226 931 2261 N.
959 2225 997 2260 F.
1025 2225 1088 2260 XV
1118 2225 1206 2260 1902
1234 2235 1267 2269 p.
1299 2224 1365 2260 196
1391 2226 1486 2269 sqq.)
1520 2225 1654 2269 primus
1689 2223 1776 2258 vidit

216 2285 429 2320 concentum
457 2285 727 2320 memorabilem
756 2287 846 2320 inter
872 2285 1070 2321 Favonium
1097 2286 1131 2319 et
1158 2284 1384 2320 Chalcidium
1412 2284 1640 2319 intercedere.

359 2357 389 2400 2)
417 2358 601 2391 mentione
627 2357 778 2403 dignum
811 2360 865 2392 est
894 2356 1100 2392 Goetheum
1135 2356 1331 2391 nostratem
1366 2356 1457 2390 hanc
1490 2356 1704 2390 sententiam
1738 2354 1773 2389 in

215 2416 437 2461 tragoediam
464 2425 583 2458 suam,
623 2418 678 2451 cui
711 2426 845 2452 nomen
879 2420 932 2451 est
960 2416 1085 2458 Faust,
1121 2417 1300 2460 recepisse
1327 2415 1396 2450 illis
1423 2415 1603 2457 versibus,
1643 2414 1773 2459 quibus

216 2476 301 2509 nihil
330 2476 523 2519 comparari
550 2476 687 2520 potest:

595 2534 663 2569 Die
691 2534 813 2570 Sonne
839 2536 928 2576 tent,
955 2535 1047 2569 nach
1074 2534 1162 2569 alter
1187 2533 1318 2575 Weise,

595 2593 631 2628 ln
658 2593 951 2638 Bruderspharen
977 2593 1216 2639 Wettgesang

595 2652 677 2688 Und
702 2653 778 2687 ihre
804 2653 1109 2699 vorgeschriebne
1135 2652 1239 2691 Reise

595 2712 789 2748 Vollendet
816 2714 867 2747 sie
894 2713 957 2747 mit
985 2712 1233 2758 Donnergang
1260 2722 1289 2746 e.
1318 2722 1350 2756 q,
1379 2723 1404 2746 s.

359 2783 385 2826 ³)
413 2783 433 2817 1.
453 2793 480 2818 c.
501 2794 533 2828 p.
554 2783 585 2817 7.
