2001 3099
872 131 1161 169 --20—

237 268 494 312 sententias
529 275 669 324 atque
692 269 970 317 Ammianus
1004 268 1278 325 (pyramidis
1308 269 1663 326 etymologiam)
1696 285 1795 326 pro-

236 341 354 382 ferat
406 339 665 396 iisdemque
718 341 791 383 vel
845 339 1094 383 simillimis
1151 340 1303 384 verbis
1363 348 1504 397 atque
1557 342 1794 384 Ausonius

236 412 542 466 (quadratum,
561 412 878 468 sastzgriatmn)
913 419 1085 456 utatur.
1151 427 1262 455 sane
1296 411 1398 468 quis
1431 411 1507 455 hic
1540 413 1642 455 fons
1676 427 1794 455 com-

236 482 390 524 munis
423 483 574 537 fuerit,
607 482 798 526 difficile
831 482 957 526 dictu
992 490 1075 527 est.

378 555 456 596 sed
498 553 706 611 quisquis
751 555 826 597 hic
870 562 1032 598 auctor
1073 556 1267 611 ignotus
1310 554 1416 610 fuit,
1459 556 1572 598 satis
1612 562 1795 598 constat

235 625 497 668 Ausonium
532 625 673 669 etiam
708 627 929 670 Varronis
962 627 1281 669 hebdomadas
1314 625 1590 680 habuisse.¹)
1643 641 1794 682 neque

236 704 316 751 est,
351 711 430 739 cur
462 698 551 740 hoc
590 697 823 740 miremur.
887 712 997 740 nam
1031 697 1253 742 Varronis
1292 697 1524 754 imagines
1565 698 1706 741 etiam
1745 698 1792 741 in

235 767 433 811 aliorum
477 768 695 811 manibus
740 777 839 812 tum
880 769 1024 812 fuisse
1070 776 1213 812 testes
1259 776 1369 812 sunt
1406 770 1793 822 Symmachorum

236 839 464 896 epistulae
498 842 519 882 1
555 844 590 895 2,
624 844 648 882 2
683 848 729 884 et
763 843 782 882 Ι
818 845 855 895 4,
894 845 975 895 12).
1042 857 1068 884 a
1101 856 1212 884 vero
1245 855 1338 883 non
1379 840 1709 895 aberrabimus,
1756 840 1794 884 si

234 926 474 954 sumemus
506 912 621 954 illud
655 927 772 968 opus
806 911 1029 956 Varronis
1063 912 1311 968 praecipue
1344 919 1531 969 propter
1563 911 1794 968 imagines

235 992 282 1025 et
314 983 479 1040 elogia,
512 998 631 1040 quae
661 998 823 1026 omnes
855 983 1117 1027 litterarum
1140 983 1374 1027 studiosos
1408 983 1664 1040 capiebant,
1698 990 1793 1027 tam

234 1055 313 1098 diu
339 1070 438 1098 esse
462 1062 716 1099 servatum.
761 1056 842 1098 sed
867 1054 1030 1112 quanti
1055 1054 1282 1098 momenti
1307 1054 1401 1098 sint
1418 1054 1612 1097 Ausonii
1633 1070 1794 1098 versus

235 1127 553 1183 quaestionem
593 1127 649 1170 de
689 1127 1026 1184 compositione
1065 1126 1287 1171 Varronis
1328 1127 1677 1169 hebdomadum
1728 1126 1794 1169 in-

234 1197 462 1252 stituenti,
507 1199 829 1242 demonstrent
880 1199 996 1241 haec
1041 1199 1183 1242 verba
1230 1197 1452 1241 Friderici
1499 1196 1793 1256 Ritschelii,³)

235 1284 326 1325 quo
358 1284 498 1313 nemo
531 1270 698 1313 melius
732 1277 803 1313 est
841 1271 1035 1313 meritus
1075 1270 1132 1312 de
1165 1268 1385 1314 Varronis
1423 1268 1795 1312 hebdomadibus

233 1340 555 1396 restituendis,
607 1356 715 1385 cum
763 1342 917 1385 virum
965 1340 1289 1384 doctissimum
1339 1339 1486 1383 secuti
1539 1355 1622 1397 pro
1670 1347 1794 1383 certo

233 1413 490 1457 habeamus
530 1414 736 1471 primum
777 1429 833 1457 ex
874 1413 1180 1469 quindecim4)
1220 1411 1350 1455 libris
1383 1411 1647 1467 Imaginum
1687 1427 1791 1455 cum

233 1484 632 1542 disputationibus
690 1484 948 1542 isagogicis
962 1489 994 1538 ⁵)
1047 1486 1163 1528 duas
1222 1484 1540 1527 hebdomadas
1598 1484 1793 1527 alteram

233 1558 425 1601 Graecis
471 1558 665 1601 alteram
713 1557 938 1600 Romanis
988 1557 1272 1599 destinatam
1320 1554 1560 1598 habuisse:
1624 1554 1794 1612 ‘itaque

234 1643 338 1672 cum
373 1629 509 1672 facile
533 1628 765 1685 quispiam
802 1628 1003 1671 coniciat
1027 1643 1083 1670 ex
1108 1627 1380 1683 Imaginum
1402 1625 1531 1669 libris
1555 1633 1793 1682 quattuor-

233 1701 382 1743 decim
417 1708 594 1757 septem
629 1701 803 1757 priores
827 1699 1019 1743 Graecis
1052 1699 1321 1742 hominibus
1351 1698 1607 1741 destinatos
1640 1697 1793 1752 fuisse,

235 1773 460 1816 Romanis
494 1772 689 1815 totidem
722 1771 1014 1828 posteriores,
1053 1772 1179 1812 hunc
1210 1777 1366 1813 tamen
1401 1768 1617 1812 'ordinem
1652 1768 1795 1812 conti-

233 1859 326 1887 nuo
372 1843 580 1887 excludit
621 1842 818 1886 Ausonii
871 1841 1211 1895 testimonium,
1260 1841 1337 1897 qui
1384 1855 1407 1883 e
1452 1840 1633 1883 decimo
1676 1839 1793 1883 libro

233 1916 520 1960 Graecorum
544 1915 736 1958 nomina
759 1914 1119 1957 architectorum
1155 1913 1354 1969 petebat,
1388 1919 1434 1954 et
1457 1918 1612 1954 tamen
1638 1918 1689 1954 ut
1711 1926 1794 1967 par

232 1987 374 2031 fuisse
397 2001 621 2030 numerus
643 1989 962 2029 Romanarum
987 1985 1328 2027 hebdomadum
1348 1991 1488 2039 atque
1505 1983 1791 2026 Graecarum

232 2059 463 2113 credatur,
511 2059 613 2114 ipsa
658 2058 911 2101 aemulatio
957 2063 1119 2099 monet
1160 2070 1251 2111 qua
1298 2062 1447 2097 semet
1493 2054 1792 2111 aequiperare

234 2131 425 2175 Graecis
471 2130 674 2172 Romani
723 2129 1083 2181 contenderunt,
1131 2125 1567 2182 deditissimumque
1614 2125 1792 2181 patriae

231 2203 439 2245 studium
474 2201 697 2245 Varronis
731 2208 800 2243 tot
834 2199 935 2242 aliis
969 2197 1263 2242 documentis
1298 2198 1497 2251 elucens,
1530 2196 1695 2239 suadet
1727 2196 1792 2239 in-

378 2311 405 2354 ¹)
439 2309 610 2354 probatur
642 2308 728 2342 mihi
764 2308 941 2342 sententia
978 2306 1119 2341 Henrici
1152 2305 1198 2340 de
1236 2305 1268 2339 la
1307 2304 1402 2339 Ville
1440 2304 1485 2338 de
1523 2304 1693 2338 Mirmont
1732 2303 1792 2347 (La

231 2369 385 2404 Moselle
411 2368 444 2403 d’
471 2368 621 2403 Ausone
648 2378 681 2411 p.
709 2366 779 2411 89),
812 2368 873 2411 qui
906 2366 989 2401 dicit
1021 2364 1260 2410 professorem
1296 2363 1591 2409 Burdigalensem
1626 2362 1792 2397 Varronis

232 2428 479 2464 hebdomadas
505 2429 541 2462 in
567 2427 702 2462 scholis
729 2427 803 2461 suis
830 2425 1049 2460 adhibuisse.

375 2488 401 2531 2)
429 2497 461 2532 p.
489 2487 511 2521 3
538 2489 573 2521 et
598 2486 620 2521 5
647 2487 701 2521 ed.
730 2485 854 2521 Seeck.

375 2547 403 2589 ³)
431 2555 553 2590 opusc.
582 2545 623 2579 111
653 2555 684 2589 p.
712 2545 790 2580 514.

375 2607 401 2650 ⁴)
429 2615 521 2650 opus
538 2615 580 2639 ex
599 2604 803 2649 quindecim
824 2604 922 2638 libris
949 2604 1155 2637 constitisse
1174 2612 1216 2636 ex
1236 2602 1446 2646 Hieronymi
1474 2600 1639 2645 catalogo
1658 2601 1790 2634 scimus

231 2666 288 2711 «gei,
308 2665 524 2700 Ritschelius
544 2665 564 2698 l.
585 2674 613 2698 c.
633 2674 666 2708 p.
687 2662 784 2708 509),
812 2666 845 2697 et
865 2664 899 2696 in
919 2671 1058 2697 summa
1087 2662 1335 2706 septingentas
1363 2661 1538 2705 imagines
1557 2661 1576 2693 i.
1597 2670 1626 2693 e,
1646 2659 1788 2693 centum

231 2724 481 2759 hebdomadas
507 2724 605 2758 libris
632 2723 744 2757 fuisse
770 2723 920 2756 insertas
948 2721 1083 2755 Plinius
1114 2721 1156 2755 N.
1177 2720 1220 2755 H.
1240 2719 1366 2754 XXXV
1395 2720 1432 2753 li
1463 2718 1576 2753 refert.

374 2784 404 2827 ⁵)
431 2782 471 2817 cf.
500 2781 639 2817 Gellius
666 2781 706 2815 III
738 2781 790 2815 10.
