1986 2974
299 746 477 799 Quarto
507 750 611 800 post
634 743 868 787 Christum
893 750 1056 787 natum
1079 743 1263 786 saeculo
1286 757 1447 785 omnes
1470 744 1563 785 fere
1586 749 1708 786 artes

157 815 426 871 litterasque
460 817 777 857 Romanorum
813 814 903 857 iam
938 813 1210 857 defloruisse
1241 813 1363 856 inter
1395 827 1556 856 omnes
1584 812 1708 856 viros

157 887 316 929 doctos
360 890 594 939 constat.¹)
647 886 693 927 in
732 886 861 927 nullo
904 886 997 928 fere
1037 899 1200 941 campo
1242 884 1500 927 litterarum
1543 886 1709 927 Roma-

157 972 320 1000 narum
366 956 611 1012 ingenium
661 971 768 999 vere
823 957 1074 999 fecundum
1120 954 1401 999 invenimus.
1466 955 1708 1008 scriptores

156 1028 296 1071 huius
328 1027 505 1081 aetatis,
540 1034 592 1070 ut
625 1028 903 1071 christianos
936 1026 1220 1080 omittamus,
1254 1041 1311 1069 ex
1343 1026 1559 1083 operibus
1592 1024 1709 1082 prio-

156 1116 258 1144 rum
282 1108 542 1157 temporum
575 1102 831 1145 feliciorum
855 1102 1185 1157 superstitibus
1208 1098 1499 1152 hauriebant,
1534 1111 1638 1140 cum
1661 1096 1708 1140 in

157 1171 450 1228 compilando
470 1172 696 1216 imitando
720 1172 1039 1215 transferendo
1063 1185 1250 1228 operam
1268 1185 1400 1214 suam
1417 1169 1709 1213 collocarent.

158 1244 401 1299 praecipue
434 1259 507 1287 ars
539 1244 720 1300 poetica
752 1242 930 1299 ingenii
964 1242 1200 1299 animique
1224 1241 1411 1285 dotibus
1446 1241 1630 1283 carebat
1663 1246 1710 1283 et

157 1316 292 1358 <locta
324 1314 589 1371 frigidaque
621 1323 718 1358 erat
753 1316 887 1357 facta.
941 1330 1032 1358 non
1067 1314 1159 1357 iam
1194 1320 1325 1357 erant
1356 1312 1387 1355 ii
1420 1318 1596 1369 poetae,
1629 1312 1705 1367 qui

157 1386 202 1428 in
239 1385 519 1428 carminibus
552 1387 649 1429 suis
683 1386 825 1429 animi
860 1392 1015 1429 motus
1046 1399 1304 1441 arcanaque
1335 1382 1534 1440 pectoris
1566 1383 1709 1426 reclu-

158 1459 319 1501 derent
340 1465 384 1500 et
407 1472 512 1500 curn
535 1457 834 1514 simplicitate
857 1457 1056 1512 quadam
1080 1463 1126 1500 et
1147 1456 1326 1513 impetu
1348 1453 1528 1511 ingenii
1547 1467 1708 1497 versus

158 1528 437 1573 emitterent.
486 1528 629 1570 immo
662 1527 739 1584 qui
773 1528 860 1570 hoc
893 1528 1077 1571 saeculo
1102 1527 1308 1570 carmina
1337 1531 1709 1581 composuerunt,

158 1599 310 1643 verius
345 1599 682 1643 versificatores
723 1613 861 1655 quam
901 1605 1066 1655 poetae
1104 1598 1343 1641 dicuntur:
1382 1612 1407 1639 e
1444 1596 1594 1652 poetis
1622 1594 1710 1652 pri-

157 1670 324 1724 oribus,
358 1685 473 1726 quos
501 1669 756 1712 studiosius
779 1670 1013 1725 legebant,
1044 1669 1185 1713 verba
1214 1666 1572 1723 sententiasque,
1596 1665 1706 1722 quin

157 1741 296 1785 etiam
329 1742 531 1797 integras
561 1755 779 1783 versuum
803 1747 958 1796 partes
981 1741 1038 1783 ad
1061 1755 1184 1783 nova
1206 1738 1440 1796 poematia
1468 1737 1708 1781 condenda

155 1812 359 1856 mutuari
388 1827 478 1855 non
509 1813 802 1865 verebantur,
832 1825 936 1854 cum
965 1810 1093 1854 inani
1123 1826 1204 1867 spe
1233 1811 1586 1859 adducerentur,
1617 1823 1708 1865 quo

156 1883 300 1926 artius
333 1899 381 1926 se
414 1882 702 1939 applicarent
735 1883 792 1925 ad
826 1880 905 1924 illa
939 1883 1151 1938 exempla
1183 1881 1372 1925 virtutis
1404 1881 1625 1937 poeticae,
1659 1894 1708 1922 se

157 1970 209 1998 eo
254 1954 423 1997 certius
468 1953 711 2010 ingenium
755 1953 941 1996 illorum
985 1959 1227 2009 poetarum
1270 1967 1371 1995 esse
1415 1957 1706 2007 aequaturOS.

156 2032 295 2081 atque
343 2026 483 2068 etiam
531 2026 663 2081 plura
707 2025 794 2067 sibi
840 2024 1150 2080 indulgebant
1194 2023 1530 2067 versificatores
1569 2022 1708 2065 huius

157 2097 344 2139 saeculi:
379 2111 470 2139 non
504 2097 655 2138 solum
684 2102 899 2152 poemata
923 2095 1102 2138 Graeca
1131 2094 1177 2137 in
1202 2110 1364 2138 versus
1389 2093 1582 2140 Latinos
1606 2108 1708 2136 con-

158 2168 412 2221 vertebant,
445 2182 549 2209 cum
583 2182 706 2209 nova
739 2172 1019 2222 argumenta
1054 2181 1131 2209 eos
1164 2165 1429 2219 deficerent,
1464 2165 1543 2207 sed
1568 2164 1706 2207 etiam

156 2252 318 2293 parum
352 2237 691 2293 intellegentes,
731 2237 839 2293 quid
874 2244 996 2280 esset
1033 2237 1322 2293 propositum
1362 2235 1448 2278 arti
1488 2234 1707 2292 poeticae,

157 2307 377 2350 orationis
424 2323 586 2364 prosae
639 2307 883 2365 scriptores
938 2309 1175 2349 Romanos
1218 2307 1420 2349 maxime
1471 2306 1526 2348 ad
1571 2319 1707 2348 usum

157 2379 417 2421 scholarum
449 2378 495 2421 in
531 2393 690 2421 versus
724 2379 956 2434 cogebant
988 2378 1099 2420 artis
1133 2376 1350 2421 metricae
1383 2377 1707 2419 exercitandae

303 2486 326 2529 1)
354 2485 394 2520 cf.
416 2495 507 2529 quae
525 2485 570 2519 de
589 2486 655 2520 hac
673 2486 865 2519 litterarum
885 2488 1003 2530 strage
1022 2485 1238 2528 scripserunt
1257 2484 1299 2518 1-1.
1320 2483 1447 2528 Sper-R,
1467 2482 1709 2525 Quaest÷011es

157 2544 397 2585 Ausonianae,
427 2544 520 2578 Diss.
547 2544 780 2578 Vratislaviae
809 2544 898 2578 1874
924 2554 956 2588 p.
985 2543 1022 2577 21
1055 2553 1107 2587 sq.
1138 2543 1180 2577 H.
1208 2543 1253 2577 de
1279 2543 1311 2577 la
1338 2542 1431 2577 Ville
1457 2543 1502 2576 de
1528 2542 1709 2581 Mirmont,

159 2603 213 2638 De
239 2604 389 2638 Ausonii
417 2603 580 2644 Mosella,
606 2603 747 2637 Parisiis
778 2602 865 2637 1892
893 2613 926 2646 p.
958 2603 1009 2636 11.
