<?xml version="1.0" encoding="UTF-8"?>
<!DOCTYPE html PUBLIC "-//W3C//DTD XHTML 1.0 Transitional//EN"
    "http://www.w3.org/TR/xhtml1/DTD/xhtml1-transitional.dtd">
<html xmlns="http://www.w3.org/1999/xhtml" xml:lang="en" lang="en">
 <head>
  <title>
</title>
<meta http-equiv="Content-Type" content="text/html;charset=utf-8" />
  <meta name='ocr-system' content='tesseract 3.04.00' />
  <meta name='ocr-capabilities' content='ocr_page ocr_carea ocr_par ocr_line ocrx_word'/>
</head>
<body>
  <div class='ocr_page' id='page_1' title='image "./devarroneetsueto00reeh_0051.png"; bbox 0 0 2001 3099; ppageno 0'>
   <div class='ocr_carea' id='block_1_1' title="bbox 825 153 1117 192">
    <p class='ocr_par' dir='ltr' id='par_1_1' title="bbox 825 153 1117 192">
     <span class='ocr_line' id='line_1_1' title="bbox 825 153 1117 192; baseline 0.007 -12"><span class='ocrx_word' id='word_1_1' title='bbox 825 153 1117 192; x_wconf 66' lang='lat'>-47—</span> 
     </span>
    </p>
   </div>
   <div class='ocr_carea' id='block_1_2' title="bbox 196 289 1753 2335">
    <p class='ocr_par' dir='ltr' id='par_1_2' title="bbox 196 289 1753 2335">
     <span class='ocr_line' id='line_1_2' title="bbox 198 289 1747 348; baseline -0.003 -13"><span class='ocrx_word' id='word_1_2' title='bbox 198 293 323 335; x_wconf 86' lang='lat' dir='ltr'>mina</span> <span class='ocrx_word' id='word_1_3' title='bbox 357 293 610 348; x_wconf 80' lang='lat' dir='ltr'>placantur,</span> <span class='ocrx_word' id='word_1_4' title='bbox 644 297 766 334; x_wconf 85' lang='lat' dir='ltr'>esset</span> <span class='ocrx_word' id='word_1_5' title='bbox 798 290 1073 346; x_wconf 85' lang='lat' dir='ltr'>permissum</span> <span class='ocrx_word' id='word_1_6' title='bbox 1108 297 1189 332; x_wconf 91' lang='lat' dir='ltr'>aut</span> <span class='ocrx_word' id='word_1_7' title='bbox 1217 291 1351 332; x_wconf 87' lang='lat' dir='ltr'>ludos</span> <span class='ocrx_word' id='word_1_8' title='bbox 1384 289 1568 345; x_wconf 89' lang='lat' dir='ltr'>publice</span> <span class='ocrx_word' id='word_1_9' title='bbox 1602 290 1747 332; x_wconf 77' lang='lat' dir='ltr'>facere</span> 
     </span>
     <span class='ocr_line' id='line_1_3' title="bbox 197 359 1749 418; baseline -0.003 -12"><span class='ocrx_word' id='word_1_10' title='bbox 197 378 250 406; x_wconf 86' lang='lat' dir='ltr'>ac</span> <span class='ocrx_word' id='word_1_11' title='bbox 272 363 395 406; x_wconf 81' lang='lat' dir='ltr'>vesci</span> <span class='ocrx_word' id='word_1_12' title='bbox 426 364 472 405; x_wconf 89' lang='lat' dir='ltr'>in</span> <span class='ocrx_word' id='word_1_13' title='bbox 498 362 739 418; x_wconf 77' lang='lat' dir='ltr'>Capitolio,</span> <span class='ocrx_word' id='word_1_14' title='bbox 773 368 855 403; x_wconf 86' lang='lat' dir='ltr'>aut</span> <span class='ocrx_word' id='word_1_15' title='bbox 879 359 1251 417; x_wconf 75' lang='lat' dir='ltr'>Quinquatribus</span> <span class='ocrx_word' id='word_1_16' title='bbox 1285 360 1571 414; x_wconf 69' lang='lat' dir='ltr'>minusculis,</span> <span class='ocrx_word' id='word_1_17' title='bbox 1603 359 1649 402; x_wconf 87' lang='lat' dir='ltr'>id</span> <span class='ocrx_word' id='word_1_18' title='bbox 1679 367 1749 402; x_wconf 91' lang='lat' dir='ltr'>est</span> 
     </span>
     <span class='ocr_line' id='line_1_4' title="bbox 196 430 1747 487; baseline -0.002 -12"><span class='ocrx_word' id='word_1_19' title='bbox 196 433 348 476; x_wconf 89' lang='lat' dir='ltr'>idibus</span> <span class='ocrx_word' id='word_1_20' title='bbox 383 431 542 487; x_wconf 85' lang='lat' dir='ltr'>Iuniis,</span> <span class='ocrx_word' id='word_1_21' title='bbox 576 433 737 475; x_wconf 89' lang='lat' dir='ltr'>urbem</span> <span class='ocrx_word' id='word_1_22' title='bbox 773 432 945 475; x_wconf 85' lang='lat' dir='ltr'>vestitu</span> <span class='ocrx_word' id='word_1_23' title='bbox 981 446 1072 487; x_wconf 90' lang='lat' dir='ltr'>quo</span> <span class='ocrx_word' id='word_1_24' title='bbox 1106 432 1281 474; x_wconf 90' lang='lat' dir='ltr'>vellent</span> <span class='ocrx_word' id='word_1_25' title='bbox 1313 430 1571 487; x_wconf 82' lang='lat' dir='ltr'>personatis</span> <span class='ocrx_word' id='word_1_26' title='bbox 1605 437 1747 473; x_wconf 79' lang='lat' dir='ltr'>temu-</span> 
     </span>
     <span class='ocr_line' id='line_1_5' title="bbox 197 502 1748 561; baseline -0.003 -14"><span class='ocrx_word' id='word_1_27' title='bbox 197 506 427 561; x_wconf 89' lang='lat' dir='ltr'>lentisque</span> <span class='ocrx_word' id='word_1_28' title='bbox 474 502 732 560; x_wconf 82' lang='lat' dir='ltr'>pervagari’</span> <span class='ocrx_word' id='word_1_29' title='bbox 779 503 926 556; x_wconf 79' lang='lat' dir='ltr'>affert,</span> <span class='ocrx_word' id='word_1_30' title='bbox 969 517 1073 545; x_wconf 87' lang='lat' dir='ltr'>cum</span> <span class='ocrx_word' id='word_1_31' title='bbox 1120 502 1397 557; x_wconf 85' lang='lat' dir='ltr'>interroget:</span> <span class='ocrx_word' id='word_1_32' title='bbox 1447 505 1552 544; x_wconf 87' lang='lat' dir='ltr'>‘wer</span> <span class='ocrx_word' id='word_1_33' title='bbox 1596 502 1748 543; x_wconf 84' lang='lat' dir='ltr'>merkt</span> 
     </span>
     <span class='ocr_line' id='line_1_6' title="bbox 197 573 1748 630; baseline -0.003 -11"><span class='ocrx_word' id='word_1_34' title='bbox 197 576 243 618; x_wconf 90' lang='lat' dir='ltr'>in</span> <span class='ocrx_word' id='word_1_35' title='bbox 289 576 459 619; x_wconf 81' lang='lat' dir='ltr'>diesem</span> <span class='ocrx_word' id='word_1_36' title='bbox 502 577 767 630; x_wconf 81' lang='lat' dir='ltr'>Argument</span> <span class='ocrx_word' id='word_1_37' title='bbox 812 574 907 615; x_wconf 90' lang='lat' dir='ltr'>und</span> <span class='ocrx_word' id='word_1_38' title='bbox 951 574 1055 616; x_wconf 86' lang='lat' dir='ltr'>dem</span> <span class='ocrx_word' id='word_1_39' title='bbox 1097 573 1323 629; x_wconf 80' lang='lat' dir='ltr'>Exempel</span> <span class='ocrx_word' id='word_1_40' title='bbox 1372 573 1501 615; x_wconf 91' lang='lat' dir='ltr'>nicht</span> <span class='ocrx_word' id='word_1_41' title='bbox 1544 573 1618 615; x_wconf 89' lang='lat' dir='ltr'>die</span> <span class='ocrx_word' id='word_1_42' title='bbox 1665 578 1748 627; x_wconf 81' lang='lat' dir='ltr'>gut</span> 
     </span>
     <span class='ocr_line' id='line_1_7' title="bbox 198 643 1751 703; baseline -0.003 -14"><span class='ocrx_word' id='word_1_43' title='bbox 198 645 689 703; x_wconf 72' lang='lat' dir='ltr'>spezifisch-romische</span> <span class='ocrx_word' id='word_1_44' title='bbox 737 645 902 699; x_wconf 87' lang='lat' dir='ltr'>Quelle</span> <span class='ocrx_word' id='word_1_45' title='bbox 952 644 1156 686; x_wconf 80' lang='lat' dir='ltr'>heraus?&#39;</span> <span class='ocrx_word' id='word_1_46' title='bbox 1205 643 1327 686; x_wconf 89' lang='lat' dir='ltr'>idern</span> <span class='ocrx_word' id='word_1_47' title='bbox 1371 644 1542 686; x_wconf 89' lang='lat' dir='ltr'>Holzer</span> <span class='ocrx_word' id='word_1_48' title='bbox 1591 649 1751 685; x_wconf 86' lang='lat' dir='ltr'>monet</span> 
     </span>
     <span class='ocr_line' id='line_1_8' title="bbox 198 713 1750 772; baseline -0.004 -11"><span class='ocrx_word' id='word_1_49' title='bbox 198 720 454 762; x_wconf 85' lang='lat' dir='ltr'>Varronem</span> <span class='ocrx_word' id='word_1_50' title='bbox 488 717 543 759; x_wconf 91' lang='lat' dir='ltr'>de</span> <span class='ocrx_word' id='word_1_51' title='bbox 574 716 741 772; x_wconf 84' lang='lat' dir='ltr'>lingua</span> <span class='ocrx_word' id='word_1_52' title='bbox 774 715 920 758; x_wconf 87' lang='lat' dir='ltr'>latina</span> <span class='ocrx_word' id='word_1_53' title='bbox 943 717 1033 759; x_wconf 80' lang='lat' dir='ltr'>VII</span> <span class='ocrx_word' id='word_1_54' title='bbox 1070 719 1119 757; x_wconf 89' lang='lat'>17</span> <span class='ocrx_word' id='word_1_55' title='bbox 1153 729 1514 757; x_wconf 88' lang='lat' dir='ltr'>commemorare</span> <span class='ocrx_word' id='word_1_56' title='bbox 1538 713 1750 757; x_wconf 81' lang='lat' dir='ltr'>tibicines</span> 
     </span>
     <span class='ocr_line' id='line_1_9' title="bbox 199 785 1750 844; baseline -0.003 -13"><span class='ocrx_word' id='word_1_57' title='bbox 199 788 569 844; x_wconf 72' lang='lat' dir='ltr'>Quinquatribus</span> <span class='ocrx_word' id='word_1_58' title='bbox 615 787 802 830; x_wconf 78' lang='lat' dir='ltr'>feriatos</span> <span class='ocrx_word' id='word_1_59' title='bbox 847 801 926 842; x_wconf 85' lang='lat' dir='ltr'>per</span> <span class='ocrx_word' id='word_1_60' title='bbox 973 787 1133 829; x_wconf 90' lang='lat' dir='ltr'>urbem</span> <span class='ocrx_word' id='word_1_61' title='bbox 1178 785 1347 840; x_wconf 83' lang='lat' dir='ltr'>vagari.</span> <span class='ocrx_word' id='word_1_62' title='bbox 1410 800 1545 842; x_wconf 89' lang='lat' dir='ltr'>porro</span> <span class='ocrx_word' id='word_1_63' title='bbox 1580 786 1750 828; x_wconf 88' lang='lat' dir='ltr'>Holzer</span> 
     </span>
     <span class='ocr_line' id='line_1_10' title="bbox 198 855 1750 914; baseline -0.002 -13"><span class='ocrx_word' id='word_1_64' title='bbox 198 858 528 903; x_wconf 85' lang='lat' dir='ltr'>animadvertit</span> <span class='ocrx_word' id='word_1_65' title='bbox 571 858 617 901; x_wconf 89' lang='lat' dir='ltr'>in</span> <span class='ocrx_word' id='word_1_66' title='bbox 664 859 928 914; x_wconf 78' lang='lat' dir='ltr'>fragmento</span> <span class='ocrx_word' id='word_1_67' title='bbox 970 857 1191 901; x_wconf 83' lang='lat' dir='ltr'>Varronis</span> <span class='ocrx_word' id='word_1_68' title='bbox 1236 863 1422 900; x_wconf 85' lang='lat' dir='ltr'>saturae</span> <span class='ocrx_word' id='word_1_69' title='bbox 1464 855 1750 912; x_wconf 83' lang='lat' dir='ltr'>Menippeac,</span> 
     </span>
     <span class='ocr_line' id='line_1_11' title="bbox 199 927 1750 985; baseline -0.003 -12"><span class='ocrx_word' id='word_1_70' title='bbox 199 930 271 973; x_wconf 94' lang='lat' dir='ltr'>cui</span> <span class='ocrx_word' id='word_1_71' title='bbox 310 945 479 973; x_wconf 88' lang='lat' dir='ltr'>nornen</span> <span class='ocrx_word' id='word_1_72' title='bbox 519 936 618 972; x_wconf 86' lang='lat' dir='ltr'>erat</span> <span class='ocrx_word' id='word_1_73' title='bbox 652 929 992 985; x_wconf 74' lang='lat' dir='ltr'>Quinquatrus,</span> <span class='ocrx_word' id='word_1_74' title='bbox 1032 928 1231 971; x_wconf 87' lang='lat' dir='ltr'>eundern</span> <span class='ocrx_word' id='word_1_75' title='bbox 1267 927 1578 983; x_wconf 84' lang='lat' dir='ltr'>Herophilum</span> <span class='ocrx_word' id='word_1_76' title='bbox 1618 927 1750 969; x_wconf 81' lang='lat' dir='ltr'>nobis</span> 
     </span>
     <span class='ocr_line' id='line_1_12' title="bbox 198 999 1752 1057; baseline -0.002 -14"><span class='ocrx_word' id='word_1_77' title='bbox 198 1016 445 1055; x_wconf 87' lang='lat' dir='ltr'>occurrere,</span> <span class='ocrx_word' id='word_1_78' title='bbox 479 1000 557 1057; x_wconf 90' lang='lat' dir='ltr'>qui</span> <span class='ocrx_word' id='word_1_79' title='bbox 590 1016 616 1043; x_wconf 88' lang='lat' dir='ltr'>a</span> <span class='ocrx_word' id='word_1_80' title='bbox 640 999 892 1043; x_wconf 71' lang='lat' dir='ltr'>Censorino</span> <span class='ocrx_word' id='word_1_81' title='bbox 929 1003 991 1054; x_wconf 84' lang='lat'>12,</span> <span class='ocrx_word' id='word_1_82' title='bbox 1025 1004 1048 1041; x_wconf 81' lang='lat'><strong>4</strong></span> <span class='ocrx_word' id='word_1_83' title='bbox 1073 1000 1254 1043; x_wconf 89' lang='lat' dir='ltr'>citetur.</span> <span class='ocrx_word' id='word_1_84' title='bbox 1318 1005 1557 1055; x_wconf 83' lang='lat' dir='ltr'>praeterea</span> <span class='ocrx_word' id='word_1_85' title='bbox 1581 999 1752 1041; x_wconf 84' lang='lat' dir='ltr'>Holzer</span> 
     </span>
     <span class='ocr_line' id='line_1_13' title="bbox 198 1070 1751 1128; baseline -0.002 -14"><span class='ocrx_word' id='word_1_86' title='bbox 198 1072 462 1128; x_wconf 77' lang='lat' dir='ltr'>fragmenta</span> <span class='ocrx_word' id='word_1_87' title='bbox 502 1077 688 1114; x_wconf 86' lang='lat' dir='ltr'>saturae</span> <span class='ocrx_word' id='word_1_88' title='bbox 730 1070 1015 1126; x_wconf 88' lang='lat' dir='ltr'>Menippeae‚</span> <span class='ocrx_word' id='word_1_89' title='bbox 1056 1070 1128 1113; x_wconf 93' lang='lat' dir='ltr'>cui</span> <span class='ocrx_word' id='word_1_90' title='bbox 1169 1085 1338 1113; x_wconf 88' lang='lat' dir='ltr'>nomen</span> <span class='ocrx_word' id='word_1_91' title='bbox 1379 1076 1449 1112; x_wconf 87' lang='lat' dir='ltr'>est</span> <span class='ocrx_word' id='word_1_92' title='bbox 1488 1072 1585 1116; x_wconf 81' lang='grc' dir='ltr'><em>ὄνος</em></span> <span class='ocrx_word' id='word_1_93' title='bbox 1616 1071 1751 1125; x_wconf 75' lang='grc' dir='ltr'><em>λύρας,</em></span> 
     </span>
     <span class='ocr_line' id='line_1_14' title="bbox 199 1140 1752 1197; baseline -0.001 -13"><span class='ocrx_word' id='word_1_94' title='bbox 199 1143 345 1197; x_wconf 76' lang='lat' dir='ltr'>affert,</span> <span class='ocrx_word' id='word_1_95' title='bbox 379 1158 483 1185; x_wconf 89' lang='lat' dir='ltr'>cum</span> <span class='ocrx_word' id='word_1_96' title='bbox 519 1143 681 1185; x_wconf 88' lang='lat' dir='ltr'>doceat</span> <span class='ocrx_word' id='word_1_97' title='bbox 713 1140 788 1184; x_wconf 89' lang='lat' dir='ltr'>hic</span> <span class='ocrx_word' id='word_1_98' title='bbox 822 1140 954 1184; x_wconf 84' lang='lat' dir='ltr'>nobis</span> <span class='ocrx_word' id='word_1_99' title='bbox 988 1142 1173 1184; x_wconf 82' lang='lat' dir='ltr'>easdem</span> <span class='ocrx_word' id='word_1_100' title='bbox 1207 1142 1264 1184; x_wconf 92' lang='lat' dir='ltr'>de</span> <span class='ocrx_word' id='word_1_101' title='bbox 1286 1140 1464 1184; x_wconf 86' lang='lat' dir='ltr'>musica</span> <span class='ocrx_word' id='word_1_102' title='bbox 1497 1141 1752 1184; x_wconf 78' lang='lat' dir='ltr'>sententias</span> 
     </span>
     <span class='ocr_line' id='line_1_15' title="bbox 199 1212 1751 1270; baseline -0.002 -14"><span class='ocrx_word' id='word_1_103' title='bbox 199 1213 351 1256; x_wconf 80' lang='lat' dir='ltr'>offerri</span> <span class='ocrx_word' id='word_1_104' title='bbox 381 1220 520 1270; x_wconf 82' lang='lat' dir='ltr'>atque</span> <span class='ocrx_word' id='word_1_105' title='bbox 553 1229 579 1255; x_wconf 88' lang='lat' dir='ltr'>a</span> <span class='ocrx_word' id='word_1_106' title='bbox 603 1212 855 1256; x_wconf 78' lang='lat' dir='ltr'>Censorino</span> <span class='ocrx_word' id='word_1_107' title='bbox 886 1219 932 1255; x_wconf 85' lang='lat' dir='ltr'>et</span> <span class='ocrx_word' id='word_1_108' title='bbox 955 1212 1068 1255; x_wconf 89' lang='lat' dir='ltr'>aliis.</span> <span class='ocrx_word' id='word_1_109' title='bbox 1132 1213 1185 1256; x_wconf 88' lang='lat' dir='ltr'>A.</span> <span class='ocrx_word' id='word_1_110' title='bbox 1212 1212 1399 1269; x_wconf 82' lang='lat' dir='ltr'>Hahn1)</span> <span class='ocrx_word' id='word_1_111' title='bbox 1433 1226 1539 1255; x_wconf 89' lang='lat' dir='ltr'>eum</span> <span class='ocrx_word' id='word_1_112' title='bbox 1565 1218 1751 1254; x_wconf 86' lang='lat' dir='ltr'>secutus</span> 
     </span>
     <span class='ocr_line' id='line_1_16' title="bbox 199 1283 1753 1339; baseline -0.001 -13"><span class='ocrx_word' id='word_1_113' title='bbox 199 1284 337 1327; x_wconf 91' lang='lat' dir='ltr'>huius</span> <span class='ocrx_word' id='word_1_114' title='bbox 361 1292 545 1328; x_wconf 86' lang='lat' dir='ltr'>saturae</span> <span class='ocrx_word' id='word_1_115' title='bbox 568 1285 827 1338; x_wconf 79' lang='lat' dir='ltr'>fragmenta</span> <span class='ocrx_word' id='word_1_116' title='bbox 852 1286 940 1327; x_wconf 87' lang='lat' dir='ltr'>XV</span> <span class='ocrx_word' id='word_1_117' title='bbox 974 1284 1074 1339; x_wconf 84' lang='lat'>(362</span> <span class='ocrx_word' id='word_1_118' title='bbox 1100 1283 1342 1339; x_wconf 75' lang='lat' dir='ltr'>Buech.),“²)</span> <span class='ocrx_word' id='word_1_119' title='bbox 1376 1297 1466 1339; x_wconf 93' lang='lat' dir='ltr'>quo</span> <span class='ocrx_word' id='word_1_120' title='bbox 1494 1297 1591 1326; x_wconf 86' lang='lat' dir='ltr'>rem</span> <span class='ocrx_word' id='word_1_121' title='bbox 1614 1283 1753 1325; x_wconf 87' lang='lat' dir='ltr'>musi-</span> 
     </span>
     <span class='ocr_line' id='line_1_17' title="bbox 199 1354 1751 1410; baseline -0.003 -12"><span class='ocrx_word' id='word_1_122' title='bbox 199 1369 298 1398; x_wconf 85' lang='lat' dir='ltr'>cam</span> <span class='ocrx_word' id='word_1_123' title='bbox 342 1355 612 1398; x_wconf 90' lang='lat' dir='ltr'>hominibus</span> <span class='ocrx_word' id='word_1_124' title='bbox 658 1370 757 1398; x_wconf 87' lang='lat' dir='ltr'>esse</span> <span class='ocrx_word' id='word_1_125' title='bbox 801 1355 1011 1398; x_wconf 86' lang='lat' dir='ltr'>innatam</span> <span class='ocrx_word' id='word_1_126' title='bbox 1053 1355 1318 1408; x_wconf 89' lang='lat' dir='ltr'>doceamur,</span> <span class='ocrx_word' id='word_1_127' title='bbox 1365 1360 1412 1397; x_wconf 87' lang='lat' dir='ltr'>et</span> <span class='ocrx_word' id='word_1_128' title='bbox 1443 1356 1606 1398; x_wconf 78' lang='lat' dir='ltr'>XVIII</span> <span class='ocrx_word' id='word_1_129' title='bbox 1648 1354 1751 1410; x_wconf 83' lang='lat'>(365</span> 
     </span>
     <span class='ocr_line' id='line_1_18' title="bbox 201 1424 1753 1483; baseline -0.003 -13"><span class='ocrx_word' id='word_1_130' title='bbox 201 1427 433 1481; x_wconf 80' lang='lat' dir='ltr'>Buech.),³)</span> <span class='ocrx_word' id='word_1_131' title='bbox 468 1442 570 1483; x_wconf 87' lang='lat' dir='ltr'>quo,</span> <span class='ocrx_word' id='word_1_132' title='bbox 604 1434 778 1483; x_wconf 87' lang='lat' dir='ltr'>quanta</span> <span class='ocrx_word' id='word_1_133' title='bbox 802 1427 847 1469; x_wconf 87' lang='lat' dir='ltr'>vi</span> <span class='ocrx_word' id='word_1_134' title='bbox 882 1441 953 1469; x_wconf 83' lang='lat' dir='ltr'>res</span> <span class='ocrx_word' id='word_1_135' title='bbox 986 1426 1163 1469; x_wconf 89' lang='lat' dir='ltr'>musica</span> <span class='ocrx_word' id='word_1_136' title='bbox 1186 1426 1309 1482; x_wconf 89' lang='lat' dir='ltr'>apud</span> <span class='ocrx_word' id='word_1_137' title='bbox 1339 1424 1551 1468; x_wconf 90' lang='lat' dir='ltr'>homines</span> <span class='ocrx_word' id='word_1_138' title='bbox 1582 1431 1753 1477; x_wconf 82' lang='lat' dir='ltr'>utatur,</span> 
     </span>
     <span class='ocr_line' id='line_1_19' title="bbox 200 1495 1751 1554; baseline -0.001 -14"><span class='ocrx_word' id='word_1_139' title='bbox 200 1499 460 1554; x_wconf 76' lang='lat' dir='ltr'>exponitur,</span> <span class='ocrx_word' id='word_1_140' title='bbox 495 1513 579 1540; x_wconf 89' lang='lat' dir='ltr'>nos</span> <span class='ocrx_word' id='word_1_141' title='bbox 604 1499 809 1540; x_wconf 79' lang='lat' dir='ltr'>conferre</span> <span class='ocrx_word' id='word_1_142' title='bbox 832 1512 937 1540; x_wconf 90' lang='lat' dir='ltr'>cum</span> <span class='ocrx_word' id='word_1_143' title='bbox 962 1496 1201 1540; x_wconf 89' lang='lat' dir='ltr'>Censorini</span> <span class='ocrx_word' id='word_1_144' title='bbox 1226 1511 1261 1540; x_wconf 92' lang='lat' dir='ltr'>c.</span> <span class='ocrx_word' id='word_1_145' title='bbox 1292 1499 1341 1538; x_wconf 88' lang='lat'>12</span> <span class='ocrx_word' id='word_1_146' title='bbox 1365 1496 1505 1539; x_wconf 87' lang='lat' dir='ltr'>iubet.</span> <span class='ocrx_word' id='word_1_147' title='bbox 1551 1495 1751 1552; x_wconf 87' lang='lat' dir='ltr'>denique</span> 
     </span>
     <span class='ocr_line' id='line_1_20' title="bbox 200 1567 1749 1625; baseline -0.002 -13"><span class='ocrx_word' id='word_1_148' title='bbox 200 1584 321 1619; x_wconf 82' lang='lat' dir='ltr'>vero,</span> <span class='ocrx_word' id='word_1_149' title='bbox 361 1570 482 1625; x_wconf 90' lang='lat' dir='ltr'>quod</span> <span class='ocrx_word' id='word_1_150' title='bbox 517 1567 708 1625; x_wconf 70' lang='lat' dir='ltr'>gravius</span> <span class='ocrx_word' id='word_1_151' title='bbox 743 1576 823 1622; x_wconf 89' lang='lat' dir='ltr'>est,</span> <span class='ocrx_word' id='word_1_152' title='bbox 866 1569 1037 1611; x_wconf 83' lang='lat' dir='ltr'>Holzer</span> <span class='ocrx_word' id='word_1_153' title='bbox 1076 1575 1354 1611; x_wconf 87' lang='lat' dir='ltr'>concentum</span> <span class='ocrx_word' id='word_1_154' title='bbox 1393 1568 1749 1624; x_wconf 86' lang='lat' dir='ltr'>apertissimum,</span> 
     </span>
     <span class='ocr_line' id='line_1_21' title="bbox 200 1639 1749 1696; baseline -0.001 -14"><span class='ocrx_word' id='word_1_155' title='bbox 200 1639 277 1696; x_wconf 85' lang='lat' dir='ltr'>qui</span> <span class='ocrx_word' id='word_1_156' title='bbox 311 1640 431 1682; x_wconf 88' lang='lat' dir='ltr'>inter</span> <span class='ocrx_word' id='word_1_157' title='bbox 466 1640 681 1683; x_wconf 86' lang='lat' dir='ltr'>Martiani</span> <span class='ocrx_word' id='word_1_158' title='bbox 708 1640 923 1695; x_wconf 87' lang='lat' dir='ltr'>Capellae</span> <span class='ocrx_word' id='word_1_159' title='bbox 955 1640 980 1682; x_wconf 90' lang='lat' dir='ltr'>l.</span> <span class='ocrx_word' id='word_1_160' title='bbox 1007 1641 1075 1681; x_wconf 91' lang='lat' dir='ltr'>IX</span> <span class='ocrx_word' id='word_1_161' title='bbox 1109 1642 1339 1682; x_wconf 85' lang='lat'>923—929</span> <span class='ocrx_word' id='word_1_162' title='bbox 1374 1645 1420 1682; x_wconf 89' lang='lat' dir='ltr'>et</span> <span class='ocrx_word' id='word_1_163' title='bbox 1443 1639 1749 1681; x_wconf 88' lang='lat' dir='ltr'>Censorinum</span> 
     </span>
     <span class='ocr_line' id='line_1_22' title="bbox 200 1709 1750 1767; baseline 0 -15"><span class='ocrx_word' id='word_1_164' title='bbox 200 1710 456 1765; x_wconf 84' lang='lat' dir='ltr'>intercedit,</span> <span class='ocrx_word' id='word_1_165' title='bbox 495 1710 676 1767; x_wconf 85' lang='lat' dir='ltr'>detegit</span> <span class='ocrx_word' id='word_1_166' title='bbox 715 1710 930 1767; x_wconf 81' lang='lat' dir='ltr'>dicens:⁴)</span> <span class='ocrx_word' id='word_1_167' title='bbox 979 1709 1092 1755; x_wconf 83' lang='lat' dir='ltr'>‘Wie</span> <span class='ocrx_word' id='word_1_168' title='bbox 1131 1711 1280 1753; x_wconf 87' lang='lat' dir='ltr'>dieser</span> <span class='ocrx_word' id='word_1_169' title='bbox 1326 1711 1404 1766; x_wconf 79' lang='lat' dir='ltr'>(sc,</span> <span class='ocrx_word' id='word_1_170' title='bbox 1439 1709 1750 1762; x_wconf 83' lang='lat' dir='ltr'>Censorinus),</span> 
     </span>
     <span class='ocr_line' id='line_1_23' title="bbox 201 1779 1750 1838; baseline -0.001 -14"><span class='ocrx_word' id='word_1_171' title='bbox 201 1797 251 1824; x_wconf 89' lang='lat' dir='ltr'>so</span> <span class='ocrx_word' id='word_1_172' title='bbox 288 1781 439 1824; x_wconf 87' lang='lat' dir='ltr'>zitiert</span> <span class='ocrx_word' id='word_1_173' title='bbox 477 1796 643 1824; x_wconf 89' lang='lat' dir='ltr'>unsere</span> <span class='ocrx_word' id='word_1_174' title='bbox 677 1782 843 1836; x_wconf 90' lang='lat' dir='ltr'>Quelle</span> <span class='ocrx_word' id='word_1_175' title='bbox 885 1784 960 1836; x_wconf 91' lang='lat' dir='ltr'>(sc.</span> <span class='ocrx_word' id='word_1_176' title='bbox 998 1781 1257 1824; x_wconf 85' lang='lat' dir='ltr'>Martianus</span> <span class='ocrx_word' id='word_1_177' title='bbox 1291 1781 1497 1838; x_wconf 85' lang='lat' dir='ltr'>Capella)</span> <span class='ocrx_word' id='word_1_178' title='bbox 1530 1781 1619 1823; x_wconf 90' lang='lat' dir='ltr'>den</span> <span class='ocrx_word' id='word_1_179' title='bbox 1654 1779 1750 1822; x_wconf 89' lang='lat' dir='ltr'>Ari-</span> 
     </span>
     <span class='ocr_line' id='line_1_24' title="bbox 201 1850 1750 1909; baseline -0.001 -14"><span class='ocrx_word' id='word_1_180' title='bbox 201 1860 435 1907; x_wconf 78' lang='lat' dir='ltr'>stoxenus,</span> <span class='ocrx_word' id='word_1_181' title='bbox 459 1853 547 1895; x_wconf 90' lang='lat' dir='ltr'>den</span> <span class='ocrx_word' id='word_1_182' title='bbox 574 1853 864 1909; x_wconf 85' lang='lat' dir='ltr'>Pythagoras</span> <span class='ocrx_word' id='word_1_183' title='bbox 889 1853 985 1895; x_wconf 94' lang='lat' dir='ltr'>und</span> <span class='ocrx_word' id='word_1_184' title='bbox 1018 1853 1107 1895; x_wconf 91' lang='lat' dir='ltr'>den</span> <span class='ocrx_word' id='word_1_185' title='bbox 1130 1851 1446 1908; x_wconf 86' lang='lat' dir='ltr'>Theophrast;</span> <span class='ocrx_word' id='word_1_186' title='bbox 1480 1850 1567 1895; x_wconf 86' lang='lat' dir='ltr'>wie</span> <span class='ocrx_word' id='word_1_187' title='bbox 1590 1850 1750 1905; x_wconf 89' lang='lat' dir='ltr'>dieser,</span> 
     </span>
     <span class='ocr_line' id='line_1_25' title="bbox 201 1923 1749 1980; baseline -0.001 -13"><span class='ocrx_word' id='word_1_188' title='bbox 201 1924 328 1967; x_wconf 80' lang='lat' dir='ltr'>fiihrt</span> <span class='ocrx_word' id='word_1_189' title='bbox 369 1939 535 1967; x_wconf 91' lang='lat' dir='ltr'>unsere</span> <span class='ocrx_word' id='word_1_190' title='bbox 579 1925 745 1979; x_wconf 90' lang='lat' dir='ltr'>Quelle</span> <span class='ocrx_word' id='word_1_191' title='bbox 792 1924 866 1966; x_wconf 91' lang='lat' dir='ltr'>die</span> <span class='ocrx_word' id='word_1_192' title='bbox 912 1924 1138 1980; x_wconf 88' lang='lat' dir='ltr'>Beispiele</span> <span class='ocrx_word' id='word_1_193' title='bbox 1186 1924 1266 1966; x_wconf 92' lang='lat' dir='ltr'>des</span> <span class='ocrx_word' id='word_1_194' title='bbox 1311 1923 1610 1980; x_wconf 85' lang='lat' dir='ltr'>Asclepiades</span> <span class='ocrx_word' id='word_1_195' title='bbox 1654 1923 1749 1966; x_wconf 90' lang='lat' dir='ltr'>und</span> 
     </span>
     <span class='ocr_line' id='line_1_26' title="bbox 202 1994 1752 2051; baseline -0.001 -14"><span class='ocrx_word' id='word_1_196' title='bbox 202 1994 487 2051; x_wconf 83' lang='lat' dir='ltr'>Herophilus</span> <span class='ocrx_word' id='word_1_197' title='bbox 521 2010 593 2038; x_wconf 87' lang='lat' dir='ltr'>an.</span> <span class='ocrx_word' id='word_1_198' title='bbox 659 1997 751 2038; x_wconf 88' lang='lat' dir='ltr'>Der</span> <span class='ocrx_word' id='word_1_199' title='bbox 784 1995 1181 2051; x_wconf 83' lang='lat' dir='ltr'>Gedankengang</span> <span class='ocrx_word' id='word_1_200' title='bbox 1212 1995 1273 2038; x_wconf 87' lang='lat' dir='ltr'>ist</span> <span class='ocrx_word' id='word_1_201' title='bbox 1313 2000 1430 2038; x_wconf 84' lang='lat' dir='ltr'>trotz</span> <span class='ocrx_word' id='word_1_202' title='bbox 1469 1995 1550 2037; x_wconf 90' lang='lat' dir='ltr'>des</span> <span class='ocrx_word' id='word_1_203' title='bbox 1584 1996 1752 2039; x_wconf 87' lang='lat' dir='ltr'>Unter-</span> 
     </span>
     <span class='ocr_line' id='line_1_27' title="bbox 202 2065 1751 2122; baseline 0 -14"><span class='ocrx_word' id='word_1_204' title='bbox 202 2065 410 2109; x_wconf 88' lang='lat' dir='ltr'>schiedes</span> <span class='ocrx_word' id='word_1_205' title='bbox 444 2067 524 2109; x_wconf 89' lang='lat' dir='ltr'>des</span> <span class='ocrx_word' id='word_1_206' title='bbox 549 2067 783 2122; x_wconf 77' lang='lat' dir='ltr'>Umfangs</span> <span class='ocrx_word' id='word_1_207' title='bbox 817 2067 896 2109; x_wconf 87' lang='lat' dir='ltr'>der</span> <span class='ocrx_word' id='word_1_208' title='bbox 928 2065 1094 2109; x_wconf 89' lang='lat' dir='ltr'>beiden</span> <span class='ocrx_word' id='word_1_209' title='bbox 1118 2067 1297 2110; x_wconf 83' lang='lat' dir='ltr'>Stellen</span> <span class='ocrx_word' id='word_1_210' title='bbox 1331 2065 1405 2109; x_wconf 90' lang='lat' dir='ltr'>ein</span> <span class='ocrx_word' id='word_1_211' title='bbox 1434 2081 1485 2109; x_wconf 91' lang='lat' dir='ltr'>so</span> <span class='ocrx_word' id='word_1_212' title='bbox 1518 2066 1751 2121; x_wconf 85' lang='lat' dir='ltr'>analoger,</span> 
     </span>
     <span class='ocr_line' id='line_1_28' title="bbox 202 2136 1752 2193; baseline 0 -14"><span class='ocrx_word' id='word_1_213' title='bbox 202 2152 289 2180; x_wconf 92' lang='lat' dir='ltr'>nur</span> <span class='ocrx_word' id='word_1_214' title='bbox 327 2138 417 2179; x_wconf 84' lang='lat' dir='ltr'>dass</span> <span class='ocrx_word' id='word_1_215' title='bbox 456 2138 526 2180; x_wconf 85' lang='lat' dir='ltr'>bei</span> <span class='ocrx_word' id='word_1_216' title='bbox 569 2137 789 2180; x_wconf 87' lang='lat' dir='ltr'>Censorin</span> <span class='ocrx_word' id='word_1_217' title='bbox 833 2137 945 2179; x_wconf 86' lang='lat' dir='ltr'>alles</span> <span class='ocrx_word' id='word_1_218' title='bbox 990 2137 1082 2180; x_wconf 87' lang='lat' dir='ltr'>viel</span> <span class='ocrx_word' id='word_1_219' title='bbox 1123 2138 1298 2192; x_wconf 82' lang='lat' dir='ltr'>kiirzer,</span> <span class='ocrx_word' id='word_1_220' title='bbox 1343 2136 1631 2193; x_wconf 68' lang='lat' dir='ltr'>beilaufiger,</span> <span class='ocrx_word' id='word_1_221' title='bbox 1676 2151 1752 2192; x_wconf 85' lang='lat' dir='ltr'>ge-</span> 
     </span>
     <span class='ocr_line' id='line_1_29' title="bbox 203 2207 1751 2264; baseline 0 -15"><span class='ocrx_word' id='word_1_222' title='bbox 203 2209 423 2264; x_wconf 75' lang='lat' dir='ltr'>d1·{iiigter</span> <span class='ocrx_word' id='word_1_223' title='bbox 456 2210 669 2264; x_wconf 76' lang='lat' dir='ltr'>gegeben</span> <span class='ocrx_word' id='word_1_224' title='bbox 705 2207 831 2262; x_wconf 84' lang='lat' dir='ltr'>wird,</span> <span class='ocrx_word' id='word_1_225' title='bbox 865 2208 954 2250; x_wconf 84' lang='lat' dir='ltr'>dass</span> <span class='ocrx_word' id='word_1_226' title='bbox 988 2223 1096 2251; x_wconf 86' lang='lat' dir='ltr'>man</span> <span class='ocrx_word' id='word_1_227' title='bbox 1131 2209 1210 2251; x_wconf 74' lang='lat' dir='ltr'>auf</span> <span class='ocrx_word' id='word_1_228' title='bbox 1241 2208 1330 2251; x_wconf 90' lang='lat' dir='ltr'>den</span> <span class='ocrx_word' id='word_1_229' title='bbox 1366 2207 1579 2264; x_wconf 86' lang='lat' dir='ltr'>gleichen</span> <span class='ocrx_word' id='word_1_230' title='bbox 1603 2208 1751 2250; x_wconf 84' lang='lat' dir='ltr'>Autor</span> 
     </span>
     <span class='ocr_line' id='line_1_30' title="bbox 203 2278 1752 2335; baseline -0.001 -14"><span class='ocrx_word' id='word_1_231' title='bbox 203 2288 331 2322; x_wconf 84' lang='lat' dir='ltr'>raten</span> <span class='ocrx_word' id='word_1_232' title='bbox 355 2280 489 2322; x_wconf 86' lang='lat' dir='ltr'>muss.&#39;</span> <span class='ocrx_word' id='word_1_233' title='bbox 533 2280 657 2321; x_wconf 88' lang='lat' dir='ltr'>hunc</span> <span class='ocrx_word' id='word_1_234' title='bbox 682 2294 790 2323; x_wconf 80' lang='lat' dir='ltr'>vcro</span> <span class='ocrx_word' id='word_1_235' title='bbox 813 2285 1049 2322; x_wconf 83' lang='lat' dir='ltr'>auctorem</span> <span class='ocrx_word' id='word_1_236' title='bbox 1074 2282 1149 2332; x_wconf 87' lang='lat' dir='ltr'>(sc.</span> <span class='ocrx_word' id='word_1_237' title='bbox 1171 2279 1447 2335; x_wconf 81' lang='lat' dir='ltr'>Varronem)</span> <span class='ocrx_word' id='word_1_238' title='bbox 1470 2295 1495 2322; x_wconf 86' lang='lat' dir='ltr'>a</span> <span class='ocrx_word' id='word_1_239' title='bbox 1521 2278 1752 2321; x_wconf 82' lang='lat' dir='ltr'>Martiano</span> 
     </span>
    </p>
   </div>
   <div class='ocr_carea' id='block_1_3' title="bbox 349 2468 598 2512">
    <p class='ocr_par' dir='ltr' id='par_1_3' title="bbox 349 2468 598 2512">
     <span class='ocr_line' id='line_1_31' title="bbox 349 2468 598 2512; baseline 0 -10"><span class='ocrx_word' id='word_1_240' title='bbox 349 2470 373 2510; x_wconf 87' lang='lat'>¹)</span> <span class='ocrx_word' id='word_1_241' title='bbox 401 2469 421 2502; x_wconf 93' lang='lat' dir='ltr'>l.</span> <span class='ocrx_word' id='word_1_242' title='bbox 441 2478 469 2503; x_wconf 92' lang='lat' dir='ltr'>c.</span> <span class='ocrx_word' id='word_1_243' title='bbox 492 2478 523 2512; x_wconf 90' lang='lat' dir='ltr'>p.</span> <span class='ocrx_word' id='word_1_244' title='bbox 549 2468 598 2504; x_wconf 72' lang='lat'>15.</span> 
     </span>
    </p>
   </div>
   <div class='ocr_carea' id='block_1_4' title="bbox 204 2536 1754 2633">
    <p class='ocr_par' dir='ltr' id='par_1_4' title="bbox 204 2536 1754 2633">
     <span class='ocr_line' id='line_1_32' title="bbox 346 2536 1754 2588; baseline -0.001 -14"><span class='ocrx_word' id='word_1_245' title='bbox 346 2540 372 2583; x_wconf 83' lang='lat'>²)</span> <span class='ocrx_word' id='word_1_246' title='bbox 399 2541 562 2584; x_wconf 79' lang='lat' dir='ltr'>‘primum</span> <span class='ocrx_word' id='word_1_247' title='bbox 602 2549 679 2574; x_wconf 83' lang='lat' dir='ltr'>eam</span> <span class='ocrx_word' id='word_1_248' title='bbox 714 2549 794 2574; x_wconf 80' lang='lat' dir='ltr'>esse</span> <span class='ocrx_word' id='word_1_249' title='bbox 827 2540 1018 2584; x_wconf 82' lang='lat' dir='ltr'>physicen,</span> <span class='ocrx_word' id='word_1_250' title='bbox 1058 2540 1155 2583; x_wconf 89' lang='lat' dir='ltr'>quod</span> <span class='ocrx_word' id='word_1_251' title='bbox 1189 2541 1232 2574; x_wconf 81' lang='lat' dir='ltr'>sit</span> <span class='ocrx_word' id='word_1_252' title='bbox 1272 2536 1458 2588; x_wconf 62' lang='grc' dir='ltr'>ἔμφυτος</span> <span class='ocrx_word' id='word_1_253' title='bbox 1498 2542 1536 2574; x_wconf 85' lang='lat' dir='ltr'>ut</span> <span class='ocrx_word' id='word_1_254' title='bbox 1571 2541 1648 2583; x_wconf 83' lang='lat' dir='ltr'>ipsa</span> <span class='ocrx_word' id='word_1_255' title='bbox 1684 2549 1754 2574; x_wconf 85' lang='lat' dir='ltr'>vox</span> 
     </span>
     <span class='ocr_line' id='line_1_33' title="bbox 204 2599 424 2633; baseline 0.005 -1"><span class='ocrx_word' id='word_1_256' title='bbox 204 2599 299 2632; x_wconf 83' lang='lat' dir='ltr'>basis</span> <span class='ocrx_word' id='word_1_257' title='bbox 325 2599 424 2633; x_wconf 86' lang='lat' dir='ltr'>eius.&#39;</span> 
     </span>
    </p>
   </div>
   <div class='ocr_carea' id='block_1_5' title="bbox 206 2669 1754 2773">
    <p class='ocr_par' dir='ltr' id='par_1_5' title="bbox 206 2669 1754 2773">
     <span class='ocr_line' id='line_1_34' title="bbox 347 2669 1754 2714; baseline 0 -10"><span class='ocrx_word' id='word_1_258' title='bbox 347 2670 374 2713; x_wconf 82' lang='lat'>3)</span> <span class='ocrx_word' id='word_1_259' title='bbox 402 2672 522 2714; x_wconf 83' lang='lat' dir='ltr'>‘saepe</span> <span class='ocrx_word' id='word_1_260' title='bbox 555 2671 663 2705; x_wconf 80' lang='lat' dir='ltr'>totius</span> <span class='ocrx_word' id='word_1_261' title='bbox 702 2671 827 2705; x_wconf 72' lang='lat' dir='ltr'>theatri</span> <span class='ocrx_word' id='word_1_262' title='bbox 863 2670 957 2704; x_wconf 78' lang='lat' dir='ltr'>tibiis</span> <span class='ocrx_word' id='word_1_263' title='bbox 993 2669 1115 2703; x_wconf 85' lang='lat' dir='ltr'>crebro</span> <span class='ocrx_word' id='word_1_264' title='bbox 1153 2669 1332 2704; x_wconf 78' lang='lat' dir='ltr'>flectendo</span> <span class='ocrx_word' id='word_1_265' title='bbox 1367 2671 1574 2705; x_wconf 79' lang='lat' dir='ltr'>commutari</span> <span class='ocrx_word' id='word_1_266' title='bbox 1602 2670 1754 2711; x_wconf 84' lang='lat' dir='ltr'>mentes,</span> 
     </span>
     <span class='ocr_line' id='line_1_35' title="bbox 206 2728 626 2773; baseline 0 -10"><span class='ocrx_word' id='word_1_267' title='bbox 206 2729 291 2773; x_wconf 87' lang='lat' dir='ltr'>erigi</span> <span class='ocrx_word' id='word_1_268' title='bbox 318 2728 455 2762; x_wconf 86' lang='lat' dir='ltr'>animos</span> <span class='ocrx_word' id='word_1_269' title='bbox 482 2729 626 2763; x_wconf 84' lang='lat' dir='ltr'>eorum.’</span> 
     </span>
    </p>
   </div>
   <div class='ocr_carea' id='block_1_6' title="bbox 348 2798 596 2843">
    <p class='ocr_par' dir='ltr' id='par_1_6' title="bbox 348 2798 596 2843">
     <span class='ocr_line' id='line_1_36' title="bbox 348 2798 596 2843; baseline 0.004 -11"><span class='ocrx_word' id='word_1_270' title='bbox 348 2798 375 2840; x_wconf 71' lang='lat'>⁴)</span> <span class='ocrx_word' id='word_1_271' title='bbox 402 2798 423 2833; x_wconf 92' lang='lat'>1.</span> <span class='ocrx_word' id='word_1_272' title='bbox 442 2808 470 2833; x_wconf 83' lang='lat' dir='ltr'>c.</span> <span class='ocrx_word' id='word_1_273' title='bbox 489 2809 521 2843; x_wconf 85' lang='lat' dir='ltr'>p.</span> <span class='ocrx_word' id='word_1_274' title='bbox 545 2799 596 2833; x_wconf 89' lang='lat'>11.</span> 
     </span>
    </p>
   </div>
  </div>
 </body>
</html>
