2001 3099
808 117 1097 157 -89-

184 269 342 298 cemur
375 256 433 298 ab
461 254 671 298 Ausonio
703 271 743 299 v.
768 258 872 298 33-
886 258 955 298 86,
1009 254 1122 312 quin
1156 260 1279 298 etam
1311 262 1467 311 partes
1499 254 1725 311 singulas,

177 326 225 368 in
264 340 379 382 quas
419 326 699 370 Suetonium
739 326 964 369 ludicram
1007 324 1251 369 historiam
1292 324 1506 369 divisisse
1543 325 1726 368 Tertul-

176 397 329 442 lianus
362 396 549 451 indicat,
583 411 687 440 cum
722 396 924 454 primum
957 397 1014 440 de
1035 396 1158 439 ludis
1192 396 1494 450 (circensibus
1527 404 1573 440 et
1604 411 1726 439 scae-

175 469 324 524 nicis),
357 466 526 511 deinde
558 468 616 510 de
648 468 894 523 agonibus,
925 474 1161 524 postremo
1193 467 1250 510 de
1286 467 1600 524 gladiatorum
1627 481 1726 510 mu-

175 539 363 583 neribus
417 537 529 596 agit,
584 539 708 595 apud
756 537 1016 581 Ausonium
1064 537 1332 582 invenimus
1379 537 1725 582 considerantes

177 610 317 654 etiam
354 616 540 667 poetam
577 609 780 666 primum
819 610 875 652 de
915 608 1150 666 agonibus
1187 609 1235 652 in
1273 608 1365 652 illis
1404 615 1624 666 quattuor
1657 624 1726 653 ec-

175 681 310 738 logiS,
343 696 462 738 quae
493 681 582 724 hoc
614 694 799 724 carmen
832 680 1118 737 praecedunt
1150 681 1208 737 (p.
1238 683 1318 723 103
1342 695 1406 737 sq.
1442 682 1520 735 P.),
1557 679 1725 724 deinde

176 753 233 795 de
264 750 386 795 ludis
419 752 577 808 eisque
609 750 889 795 circensibus
918 757 965 794 et
985 749 1209 794 scaenicis
1232 752 1305 794 vel
1329 749 1485 808 potius
1508 751 1566 794 de
1587 749 1725 806 feriis,

177 823 345 880 quibus
367 821 465 865 ludi
488 822 756 877 edebantur,
778 828 1014 879 postremo
1037 822 1094 865 de
1114 821 1388 865 muneribus
1412 822 1725 878 gladiatorum

176 896 325 937 facere
356 894 511 937 verba.
574 893 680 936 illae
713 899 933 950 quattuor
965 894 1155 950 eclogae
1183 893 1311 950 ipsae
1343 907 1527 950 quoque
1559 894 1670 951 quin
1701 908 1726 936 e

177 963 389 1009 Suetonii
421 962 597 1007 ludicra
629 963 822 1007 historia
863 962 1086 1007 fluxerint
1123 964 1319 1008 dubium
1352 965 1485 1007 nobis
1518 979 1611 1008 non
1644 971 1724 1008 est.

176 1051 288 1079 sane
319 1035 480 1092 prima,
514 1035 685 1092 quippe
712 1032 836 1092 'quae
863 1033 1074 1078 distichis
1097 1034 1159 1079 sit
1181 1035 1449 1092 composita,
1481 1036 1608 1079 haud
1630 1035 1725 1079 scio

176 1122 235 1151 an
277 1105 338 1150 sit
374 1105 660 1163 excipienda.
733 1120 885 1163 neque
932 1105 1056 1150 enim
1103 1105 1350 1164 quisquam
1397 1106 1592 1164 negabit
1637 1107 1726 1150 hac

176 1176 437 1222 Ausonium
475 1191 660 1220 carmen
699 1178 842 1222 Anth.
878 1178 970 1221 Pal.
994 1180 1063 1220 IX
1085 1180 1170 1221 357
1202 1176 1348 1221 latine
1386 1176 1640 1221 reddidisse
1679 1184 1727 1221 et

177 1250 388 1294 consulto
417 1255 617 1292 metrum
640 1249 874 1292 Graecum
898 1263 997 1292 esse
1018 1248 1273 1303 imitatum3
1307 1263 1458 1305 neque
1481 1248 1724 1292 diiudicari

175 1327 339 1379 potest,
371 1326 527 1364 utrum
557 1320 794 1363 Ausonius
826 1321 948 1363 hanc
980 1321 1192 1377 eclogam
1226 1327 1326 1363 tum
1359 1321 1548 1363 demum
1581 1327 1726 1364 trans-

177 1390 346 1447 tulerit,
391 1398 641 1448 postquam
687 1390 888 1448 reliquas
936 1398 1028 1435 tres
1075 1391 1271 1449 scripsit,
1319 1406 1378 1434 an
1432 1391 1526 1434 iam
1568 1398 1724 1446 antea3

177 1462 392 1520 equidem
414 1462 529 1506 illud
552 1461 852 1506 verisimilius
874 1476 975 1506 esse
997 1468 1123 1519 puto.
1133 1466 1160 1516 ¹)
1211 1469 1366 1506 tamen
1391 1469 1514 1506 certe
1535 1461 1725 1520 reliquis

177 1534 324 1578 tribus
357 1533 544 1589 eclogis,
578 1547 696 1589 quae
728 1547 912 1576 summa
944 1539 991 1576 et
1018 1533 1286 1590 argumenti
1310 1540 1357 1577 et
1377 1535 1553 1577 formae
1576 1533 1726 1576 affini-

178 1612 273 1648 tate
296 1604 604 1658 continentur,
637 1610 824 1660 poetam
848 1603 1235 1661 Burdigalensem
1257 1603 1470 1648 Suetonii
1499 1603 1725 1648 ludicram

177 1675 419 1718 historiam
460 1675 651 1732 eiusque
687 1682 869 1732 partem
899 1674 1100 1732 priorem
1133 1675 1416 1732 expressisse
1448 1690 1540 1719 non
1574 1677 1726 1719 solum

179 1746 342 1789 titulus
365 1747 572 1790 Graecus
605 1744 795 1789 alterius
826 1746 973 1803 partis
1005 1746 1210 1790 ludicrae
1239 1746 1462 1791 historiae
1496 1749 1608 1804 (περὶ
1638 1753 1727 1790 τῶν

178 1819 299 1873 παρὰ
326 1819 547 1872 Ῥωμαίοις
583 1819 781 1874 θεωριῶν
818 1819 888 1860 καὶ
919 1819 1130 1876 ἀγώνων),
1168 1832 1309 1875 quam
1345 1833 1452 1875 pars
1483 1817 1608 1875 prior
1637 1820 1728 1875 περὶ

175 1893 259 1931 τῶν
288 1883 389 1943 πάρ)
412 1884 579 1944 (Έλλησι
608 1891 807 1943 θεωριῶν
838 1890 910 1932 καὶ
940 1891 1122 1944 ἀγώνων
1153 1895 1427 1946 antegressa
1459 1904 1559 1933 esse
1590 1890 1726 1933 nobis

176 1959 269 2002 iam
301 1973 441 2017 supra
473 1966 544 2003 est
569 1960 680 2015 visa,
713 1960 890 2015 suadet,
922 1967 975 2004 ut
997 1961 1252 2016 credamus,
1284 1961 1365 2004 sed
1387 1959 1528 2004 etiam
1552 1959 1726 2017 optime

176 2030 465 2075 demonstrat
489 2030 810 2074 Tertullianus
842 2032 869 2074 l.
893 2046 926 2075 c.
961 2046 994 2075 c.
1023 2034 1067 2074 11
1105 2030 1310 2087 ineunte,
1343 2032 1423 2075 ubi
1445 2032 1724 2077 Suetonium

177 2102 234 2144 de
264 2100 429 2145 iisdem
460 2101 691 2158 agonibus
724 2102 927 2158 GraeciS,
960 2116 1077 2160 quos
1110 2102 1348 2147 Ausonius
1381 2102 1595 2147 versibus
1628 2102 1725 2146 suis

178 2179 430 2228 enumerat,
468 2171 742 2217 disseruisse
779 2172 1101 2231 comperimus.
1164 2180 1360 2231 uterque
1392 2173 1648 2228 (Ausonius
1680 2181 1727 2218 et

178 2242 516 2298 Tertullianus)
555 2251 602 2288 et
639 2245 801 2288 eadem
839 2243 1031 2288 nomina
1070 2259 1279 2302 agonum
1317 2252 1365 2289 et
1402 2246 1587 2289 easdem
1624 2260 1726 2289 sen-

179 2313 348 2357 tentias
370 2315 555 2372 profert.
618 2329 795 2372 agones
818 2323 864 2360 et
886 2330 1039 2359 sacros
1072 2322 1120 2359 et
1144 2316 1361 2359 funebres
1395 2331 1495 2360 esse
1516 2323 1657 2374 atque
1679 2325 1726 2361 et

178 2385 275 2428 deis
298 2392 344 2428 et
371 2387 566 2430 mortuis
589 2401 689 2430 esse
710 2386 953 2431 institutos
975 2387 1099 2444 apud
1123 2394 1375 2445 utrumque
1397 2386 1613 2444 legimus,
1667 2404 1726 2432 ne

178 2455 289 2512 quid
327 2463 627 2513 praeteream,
665 2458 914 2513 Ausonius,
952 2458 1075 2515 quod
1115 2458 1335 2516 deinceps
1367 2465 1414 2502 et
1445 2459 1502 2502 de
1534 2459 1649 2503 locis
1680 2467 1728 2503 et

178 2527 236 2569 de
267 2528 535 2571 auctoribus
566 2543 776 2585 agonum
808 2528 932 2584 dicit,
964 2528 1012 2571 in
1044 2529 1132 2573 hac
1154 2543 1338 2586 quoque
1360 2544 1407 2572 re
1430 2530 1488 2573 ab
1510 2537 1727 2574 accurata

178 2596 493 2654 dispositione,
526 2614 666 2656 quam
699 2614 800 2643 esse
832 2606 1046 2644 secutum
1077 2599 1357 2645 Suetonium
1390 2615 1414 2643 e
1445 2599 1726 2645 Tertulliani

254 2752 265 2786 l
324 2694 347 2737 ¹)
382 2694 477 2729 haud
518 2695 593 2730 scio
626 2705 671 2730 an
712 2695 908 2732 Suetonius
950 2697 1037 2733 illud
1071 2699 1290 2744 epigramma
1331 2699 1367 2733 in
1415 2698 1560 2734 historia
1594 2698 1727 2734 ludicra

177 2753 252 2787 attu
268 2753 342 2788 erit.
