2001 3099
879 115 1171 155 -72-

388 255 631 310 Isidorum,
665 255 744 312 qui
778 261 825 298 et
846 253 895 297 in
927 252 1190 310 originibus
1213 258 1260 296 et
1287 252 1335 295 in
1367 251 1526 295 libello
1549 252 1606 294 de
1637 257 1805 294 natura

246 343 399 372 rerum
439 326 673 371 mensium
705 325 965 382 veriloquia
1007 323 1141 367 nobis
1173 322 1388 380 prodidit,
1432 323 1520 366 hoc
1559 324 1661 366 1000
1700 336 1806 365 011111

247 398 517 456 Augustino
556 397 604 441 in
638 395 1030 454 explicationibus
1069 395 1282 452 singulis,
1319 393 1548 451 imprimis
1582 394 1632 436 in
1664 393 1808 436 nomi-

248 471 385 514 nibus
409 469 629 524 Ianuarii,
664 467 918 523 Februarii,
952 467 1127 522 Martis,
1149 465 1322 524 Aprilis
1356 465 1662 522 explanandis
1691 465 1807 509 adeo

248 542 513 599 conspirare
555 539 785 595 videmus,
827 546 881 583 ut
923 553 1030 582 eum
1075 538 1133 581 ab
1175 537 1463 594 Augustino,
1512 551 1604 594 quo
1647 537 1808 580 multis

249 614 352 659 aliis
376 627 563 670 quoque
584 612 698 656 locis
720 610 866 654 libelli
899 611 956 654 de
980 616 1148 653 natura
1180 624 1335 652 rerum
1359 615 1430 652 est
1450 622 1576 663 usus,
1608 609 1809 664 pendere

249 692 427 730 certum
461 683 580 739 sitz1)
613 683 689 727 hic
721 684 772 727 A.
796 682 1100 736 Schmekel,2)
1139 680 1217 737 qui
1257 679 1524 737 nuperrime
1561 679 1646 723 hos
1683 680 1809 723 locos

250 759 371 801 inter
393 771 443 800 se
466 754 767 813 comparavit,
799 755 1104 799 vehementer
1128 767 1280 796 errare
1303 750 1419 794 mihi
1442 751 1628 795 videtur
1650 750 1809 794 dicens

250 826 576 885 Augustinum
612 833 659 870 et
681 825 914 869 Isidorum
947 823 1024 868 hic
1046 825 1249 867 eundem
1283 824 1461 866 fontem
1491 821 1672 878 adiisse,
1705 836 1810 866 cum

251 899 496 957 episcopus
522 898 820 956 Hispalensis
853 897 1113 940 uberiorem
1146 893 1406 938 doctrinam
1436 895 1642 951 proferat
1673 899 1812 951 atque

250 971 564 1028 Augustinus.
609 984 717 1013 nam
738 983 829 1027 quo
851 968 990 1011 modo
1014 966 1116 1010 fieri
1139 967 1348 1024 potuisse
1369 972 1520 1023 putas,
1542 972 1596 1008 ut
1617 972 1812 1022 uterque

251 1043 448 1100 scriptor
494 1042 609 1085 adeo
653 1042 710 1085 ad
754 1041 897 1085 verba
940 1041 1118 1082 fontem
1163 1052 1461 1081 communem
1508 1037 1814 1080 exscriberet?

251 1115 332 1157 sed
366 1129 486 1171 quae
519 1113 642 1170 apud
667 1112 897 1155 Isidorum
931 1112 1065 1168 plura
1097 1109 1379 1165 invenimus,
1411 1109 1469 1152 ab
1492 1124 1546 1152 eo
1578 1108 1679 1165 ipso
1713 1123 1814 1151 esse

252 1186 433 1229 adiecta
465 1184 652 1241 {optimo
696 1183 795 1226 iure
837 1183 1056 1237 dicemus,
1099 1181 1374 1238 praesertim
1413 1194 1520 1223 cum
1558 1180 1812 1222 maximam

253 1264 433 1314 partem
457 1255 685 1300 vilissima
707 1255 1029 1299 additamenta
1052 1253 1159 1297 sint.
1224 1254 1348 1309 quod
1372 1266 1466 1295 uno
1488 1253 1590 1294 1000
1611 1251 1815 1294 maxime

253 1329 555 1385 perspicuum
604 1334 691 1382 est,
740 1326 843 1369 dico
885 1326 1053 1380 locum,
1100 1339 1192 1381 quo
1241 1323 1415 1366 Iulium
1463 1329 1510 1366 et
1540 1324 1814 1378 Augustum

255 1414 439 1443 menses
463 1399 694 1455 explanat.
739 1398 814 1440 hic
836 1396 961 1440 enim
992 1395 1196 1453 primum
1220 1395 1356 1438 docet
1379 1397 1619 1437 Romanos
1643 1394 1815 1436 Iulium

254 1488 280 1515 a
314 1471 435 1515 Iulio
469 1471 677 1525 Caesare,
717 1471 991 1526 Augustum
1029 1468 1085 1511 ab
1127 1465 1388 1511 Octaviano
1428 1467 1647 1522 Augusto
1684 1481 1818 1509 voca-

254 1542 397 1598 visse3
431 1557 541 1585 nam
573 1548 713 1585 antea
735 1541 909 1584 Iulium
934 1538 1193 1595 Quintilem
1228 1545 1274 1581 et
1295 1539 1568 1594 Augustum
1589 1537 1816 1582 Sextilem

256 1629 357 1658 esse
399 1620 601 1658 vocatos.
667 1619 767 1656 tum
814 1611 985 1656 iterum
1034 1609 1237 1667 explicat
1277 1608 1511 1652 mensium
1558 1607 1750 1651 nomina
1792 1624 1819 1651 a

258 1686 534 1730 Caesaribus
570 1684 691 1727 Iulio
730 1690 777 1727 et
808 1685 1028 1740 Augusto
1069 1696 1168 1725 esse
1203 1687 1499 1724 commutata.
1565 1680 1706 1723 talem
1739 1680 1820 1722 ite-

257 1756 488 1801 rationem
542 1755 722 1799 Isidoro
782 1756 933 1798 1011105
987 1752 1258 1811 compilanti
1318 1767 1419 1796 esse
1471 1750 1819 1795 attribuendam

258 1844 420 1872 omnes
439 1829 575 1871 credo
594 1827 708 1870 mihi
728 1827 995 1870 concedent.
1035 1826 1115 1868 sed
1135 1825 1436 1868 manifestum
1461 1830 1532 1867 est
1549 1823 1819 1879 episcopum

261 1901 606 1958 Hispalensem,
652 1898 732 1956 qui
775 1899 1037 1942 uberiorem
1079 1895 1339 1941 doctrinam
1384 1909 1525 1952 quam
1568 1894 1646 1938 ille
1688 1902 1821 1951 pater

260 1971 483 2016 ecclesiae
516 1986 622 2014 cum
655 1972 711 2014 de
745 1977 912 2013 natura
946 1983 1099 2012 rerum
1134 1970 1200 2012 IV
1239 1972 1263 2009 2
1297 1982 1393 2024 sqq.
1458 1973 1558 2010 tum
1592 1965 1756 2022 origin.
1782 1966 1819 2007 V

261 2048 328 2099 33,
362 2047 500 2087 3u-11
539 2043 674 2086 nobis
707 2042 910 2100 praebet,
945 2040 1086 2084 etiam
1119 2040 1317 2082 alterum
1350 2040 1528 2082 fontem
1558 2038 1632 2082 vel
1664 2038 1819 2094 plures

261 2114 544 2158 adhibuisse.
599 2115 776 2157 sontem
807 2112 906 2156 eius
929 2111 1211 2156 Suetonium
1234 2111 1388 2167 ipsum
1412 2109 1556 2153 fuisse
1579 2109 1820 2153 Gustavus

264 2187 483 2239 Becker-³)
527 2191 573 2229 et
616 2186 863 2241 Augustus
909 2181 1302 2239 Reifferscheid4),
1352 2195 1467 2238 quos
1516 2186 1587 2223 est
1633 2186 1821 2223 secutus

262 2260 314 2301 A.
347 2257 616 2311 Schmekel,
662 2257 961 2300 coniecerunt
999 2269 1085 2297 nec
1124 2261 1281 2297 tamen
1318 2251 1433 2296 satis
1473 2258 1686 2295 accurate
1723 2265 1821 2294 rem

263 2330 665 2373 examinaverunt.
728 2328 872 2370 immo
902 2325 1060 2383 potius
1084 2324 1315 2368 Isidorum
1350 2339 1374 2366 0
1397 2322 1703 2367 deterioribus
1726 2323 1823 2365 fon-

410 2473 436 2516 1)
464 2472 505 2508 cf.
533 2473 574 2507 Α.
595 2470 741 2507 Schenk
767 2472 788 2506 l.
809 2482 836 2506 c.
857 2481 889 2516 p.
910 2470 965 2506 31.

408 2533 435 2577 2)
465 2532 532 2567 Dic
570 2532 725 2577 positive
763 2531 998 2575 philosophie
1031 2531 1066 2564 111
1113 2529 1204 2564 111101
1243 2527 1454 2574 geschichtl.
1493 2525 1757 2571 Entwicklung,
1796 2524 1822 2560 ΙΙ

266 2592 421 2627 Isidorus
446 2601 519 2626 von
546 2591 691 2633 Sevilla,
717 2591 795 2625 seiri
821 2589 966 2635 Systcm
994 2600 1026 2624 u.
1047 2591 1147 2624 scine
1174 2587 1333 2630 QuciIcn
1360 2597 1393 2632 p.
1416 2586 1482 2621 136
1507 2595 1561 2629 sq.

408 2652 434 2695 3)
462 2652 497 2686 111
537 2650 619 2685 edit.
657 2650 778 2685 Isidori
825 2650 925 2694 Hisp.
977 2649 1022 2684 de
1060 2648 1194 2683 Natura
1234 2647 1362 2686 Rerum
1402 2645 1480 2680 libri
1519 2644 1688 2687 (Berolini
1720 2644 1822 2688 1857)

267 2721 298 2755 p.
327 2710 427 2746 XXII.
480 2729 486 2735 -

410 2770 438 2813 ⁴)
466 2770 486 2804 l.
506 2779 534 2804 c.
556 2780 588 2814 p.
609 2768 678 2804 435
