2001 3099
825 126 1115 165 -44-

192 266 287 305 lum
313 262 647 319 conquierunt'.
683 273 876 320 apparet
902 265 1183 307 Martianum
1204 266 1439 323 Capellam
1466 265 1511 307 in
1531 266 1747 308 omnibus

194 337 286 377 fere
311 335 448 377 rebus
474 349 577 377 cum
600 334 749 378 Plinio
773 350 1043 391 congruere.
1079 343 1274 392 uterque
1297 336 1747 379 refertintervallum

193 422 218 448 a
254 414 372 448 terra
406 406 463 448 ad
495 407 657 448 lunam
692 421 792 449 esse
825 413 1011 449 centum
1047 407 1219 463 viginti
1253 423 1335 450 sex
1369 408 1549 450 milium
1583 407 1750 450 stadio·

192 492 307 528 rum,
342 478 464 534 quod
499 478 560 520 sit
593 485 741 521 tonus.
788 486 983 534 uterque
1006 479 1142 522 docet
1164 481 1323 522 lovem
1352 479 1560 534 Phrygio,
1593 479 1750 522 Satur-

191 563 304 592 num
340 548 481 591 Dorio
504 564 618 592 sono
653 549 844 603 moveri;
885 551 1009 606 apud
1043 557 1294 606 utrumque
1318 551 1479 593 cadem
1503 550 1750 593 intervalla

193 621 352 663 eodem
387 620 548 663 ordine
582 619 797 676 legimus,
841 636 954 663 sane
987 620 1033 662 in
1059 636 1151 664 una
1175 636 1222 663 re
1246 622 1338 663 duo
1362 620 1608 677 scriptores
1630 623 1751 664 inter

192 707 240 734 se
280 691 555 747 discrepant.
621 706 727 734 nam
768 706 873 735 cum
911 693 1086 734 Plinius
1120 692 1257 745 (sicut
1291 693 1594 746 Censorinus)
1628 691 1751 735 dicat

192 778 217 805 a
256 763 363 806 Sole
402 763 460 804 ad
501 765 700 805 Martem
742 769 905 805 tonum
945 778 1056 817 esse,
1101 764 1363 806 Martianus
1405 764 1593 820 Capella
1631 762 1752 806 inter

193 835 308 876 duas
348 834 506 877 stellas
546 833 858 877 hemitonium
898 850 997 877 6556
1039 833 1191 877 tradit.
1240 835 1379 877 liuius
1413 834 1751 891 discrepantiae

192 920 378 948 causam
416 905 633 948 Martiani
667 905 1021 962 neglegentiam
1056 905 1198 949 fuisse
1234 905 1329 948 veri
1354 913 1424 948 est
1447 906 1749 949 simillimum.

193 991 302 1019 nam
335 991 439 1020 cum
474 977 559 1020 1106
592 992 744 1019 errore
783 985 853 1020 est
892 978 1171 1020 coniunctus
1212 978 1352 1020 etiam
1386 978 1513 1020 alter.
1576 977 1623 1019 in
1658 977 1752 1020 fine

194 1048 332 1091 liuius
355 1048 499 1105 partis
518 1047 621 1091 libri
641 1049 684 1105 (ξ
708 1050 816 1104 199),
837 1063 977 1105 quam
997 1063 1137 1105 supra
1156 1048 1500 1105 exscripsimus,
1520 1063 1751 1091 summam

192 1119 545 1163 intervallorum
571 1135 652 1162 sex
684 1126 830 1174 tonos,
861 1120 906 1162 in
933 1120 1101 1176 quibus
1126 1120 1186 1163 sit
1214 1121 1439 1176 diapason
1459 1120 1753 1177 symphonia,

193 1190 317 1235 dicit.
382 1199 429 1234 at
466 1207 514 1234 re
554 1206 663 1235 vera
702 1192 739 1233 si
780 1206 941 1234 omnes
976 1199 1110 1234 tonos
1151 1195 1176 1234 a
1211 1192 1442 1234 Martiano
1477 1206 1754 1234 commemo-

193 1270 317 1306 ratos
363 1263 668 1320 computabis,
714 1262 894 1306 videbis
938 1278 1168 1305 summam
1216 1265 1365 1306 facere
1410 1278 1491 1306 sex
1532 1270 1666 1306 tonos
1708 1271 1754 1307 et

193 1333 451 1377 dimidium.
501 1335 802 1377 manifestum
837 1341 907 1377 est
932 1335 1214 1377 Martianum
1248 1336 1425 1377 fontem
1456 1349 1624 1389 magna
1648 1349 1753 1378 cum

194 1406 371 1449 incuria
404 1405 687 1450 adhibuisse.
753 1420 842 1462 quo
883 1406 1019 1448 modo
1061 1406 1135 1448 hic
1175 1420 1298 1448 error
1338 1404 1398 1448 sit
1438 1405 1754 1462 explicandus,

194 1478 327 1520 facile
366 1478 493 1521 dictu
528 1484 609 1520 est.
671 1492 781 1521 nam
814 1479 1070 1521 Varronem
1107 1484 1286 1533 septem
1320 1484 1455 1520 tonos
1490 1478 1536 1519 in
1571 1492 1753 1520 summa

194 1564 276 1605 pro
309 1549 509 1604 singulis
543 1549 689 1592 stellis
714 1548 974 1603 tradidisse,
1008 1556 1171 1604 postea
1195 1556 1366 1603 autem,
1399 1563 1504 1591 cum
1529 1548 1753 1605 diapason

196 1620 488 1664 harmoniam
507 1621 792 1677 explanaret,
814 1621 1019 1677 primum
1039 1627 1201 1663 tonum
1219 1620 1298 1676 (sc.
1316 1636 1342 1663 a
1361 1627 1482 1663 terra
1501 1621 1557 1662 ad
1576 1621 1756 1672 lunam)

196 1693 409 1736 consulto
449 1691 661 1735 omisisse
700 1707 782 1749 pro
823 1699 948 1735 certo
988 1692 1228 1734 habemus.
1292 1691 1551 1734 Martianus
1585 1698 1754 1745 autem,

198 1773 247 1806 nt
287 1770 386 1807 erat
425 1762 700 1820 compilator
738 1762 1200 1820 neglegentissimus,
1241 1763 1362 1806 hanc
1400 1778 1496 1806 rem
1532 1778 1623 1805 non
1658 1778 1754 1819 per-

196 1834 362 1891 spexit.

339 1922 428 1962 age
462 1921 596 1962 porro
631 1920 953 1962 comparemus
979 1904 1213 1948 Censorin.
1254 1908 1315 1959 13,
1350 1909 1373 1947 3
1409 1920 1506 1961 sqq.
1541 1919 1645 1947 cum
1680 1906 1756 1959 eis,

198 1994 315 2034 qnae
363 1978 598 2021 Favonius
639 1977 883 2033 Eulogius,
924 1975 1179 2032 Augustini
1220 1976 1489 2032 discipulus,
1524 1975 1571 2018 111
1604 1975 1757 2032 dispu-

199 2049 454 2092 tationibus
500 2049 556 2091 de
603 2048 837 2092 Ciceronis
877 2048 1060 2090 somnio
1108 2046 1340 2104 Scipionis
1389 2051 1447 2104 (p.
1501 2051 1563 2101 18,
1612 2051 1636 2089 9
1686 2048 1754 2091 ed.

202 2122 388 2175 Holcler,
423 2119 610 2177 Lipsiae
648 2121 776 2173 1901)
810 2118 944 2162 nobis
977 2118 1199 2176 prodidit:

201 2275 435 2319 Censorin.
499 2276 555 2317 de
589 2274 663 2318 die
693 2273 838 2318 natali
879 2277 940 2324 13,
1017 2275 1253 2318 Favonius
1289 2273 1520 2329 Eulogius
1560 2288 1598 2330 p.
1635 2276 1698 2326 18,
1733 2276 1756 2315 9

530 2349 553 2389 3
588 2360 682 2403 sqq.
1240 2345 1305 2388 ed.
1343 2344 1532 2387 Holder.

260 2416 401 2472 igitur
439 2418 496 2460 ab
532 2424 652 2460 terra
691 2417 747 2459 ad
781 2417 941 2460 lunam
1075 2431 1279 2473 namque
1332 2416 1398 2458 ait
1461 2416 1537 2470 (sc.
1593 2415 1758 2470 Pytha-

205 2490 494 2545 Pythagoras
516 2488 704 2545 putavit
728 2503 829 2531 esse
852 2494 942 2530 sta·
1017 2491 1174 2544 goras)
1224 2501 1250 2529 a
1303 2494 1421 2529 terra
1481 2486 1539 2528 ad
1598 2486 1757 2528 lunam

202 2560 384 2603 diorum
426 2559 606 2603 circiter
648 2566 837 2602 centum
879 2557 941 2602 vi·
1015 2561 1137 2602 τόνον
1176 2573 1287 2612 esse,
1333 2573 1359 2600 a
1398 2558 1511 2600 luna
1549 2557 1606 2600 ad
1643 2559 1757 2600 Mer-

204 2632 324 2685 ginti
364 2646 445 2674 sex
488 2631 617 2673 milia
660 2630 799 2686 idque
844 2644 943 2672 6556
1018 2630 1131 2673 curii
1156 2628 1377 2672 circulum
1398 2628 1668 2683 emitonion,
1692 2626 1757 2669 in-

204 2702 300 2744 toni
325 2701 642 2755 intervallum,
677 2717 702 2744 a
731 2702 843 2743 luna
865 2715 942 2743 an-
1018 2702 1167 2756 (leque
1191 2701 1247 2743 ad
1271 2699 1467 2743 Veneris
1490 2698 1758 2751 emitonion,

207 2785 297 2818 tcm
358 2775 415 2816 ad
475 2772 690 2816 Mercurii
749 2773 943 2825 stellam,
1019 2788 1044 2814 a
1083 2787 1173 2828 quo
1213 2772 1267 2814 ad
1303 2772 1447 2814 solem
1482 2770 1567 2813 tria
1601 2769 1758 2812 emito-
