2001 3099
788 645 1095 712 CaputIL

311 763 580 807 Praemissis
627 764 699 806 his
747 765 883 807 rebus
922 765 1316 808 commentatione
1354 764 1715 821 haudquaquam

168 835 376 892 indignis
414 836 471 878 ad
514 842 723 878 nostrum
756 836 1047 892 propositum
1080 835 1234 892 ipsum
1267 850 1352 878 nos
1386 835 1715 880 convertimus,

168 906 377 963 quisquis
416 905 610 948 Ausonii
650 906 819 948 librum
858 908 1125 963 eclogarum
1165 911 1224 963 (p.
1257 909 1458 949 86-108
1490 906 1626 963 Peip.)
1659 908 1718 949 le-

168 978 289 1034 gerit
302 980 347 1031 ¹),
387 979 610 1020 concedet
642 978 829 1033 eclogas
861 978 908 1020 in
942 977 1212 1021 universum
1246 978 1293 1019 in
1328 978 1415 1020 tria
1448 992 1621 1034 genera
1654 977 1717 1020 di-

167 1048 273 1103 vidi,
306 1062 446 1105 quam
478 1047 757 1092 divisionem
787 1063 880 1091 non
910 1050 1061 1092 solum
1085 1050 1275 1104 eclogae
1297 1047 1439 1106 ipsae,
1471 1049 1553 1091 sed
1575 1049 1716 1091 etiam

167 1119 346 1163 codices
384 1119 597 1162 suadent.
660 1127 713 1162 ut
750 1120 1087 1176 praefationem
1129 1120 1186 1162 ad
1231 1118 1519 1175 Drepanium
1564 1119 1716 1162 filiurn

166 1190 354 1233 missam
379 1197 736 1247 praetereamus,
769 1191 945 1247 primae
973 1192 1164 1247 eclogae
1188 1189 1432 1234 continent
1453 1190 1715 1235 doctrinam

169 1260 528 1318 Pythagoricam
568 1264 624 1314 (2.
649 1264 688 1303 3.
718 1264 769 1314 4).
809 1276 924 1318 quas
958 1276 1063 1304 cum
1102 1277 1159 1305 ex
1198 1262 1377 1305 Graeco
1416 1277 1517 1305 esse
1556 1276 1716 1306 versae

167 1331 414 1377 videantur
447 1340 493 1375 et
525 1339 805 1388 argumento
836 1334 975 1389 plane
1008 1333 1219 1376 diversae
1242 1332 1337 1376 sint
1360 1349 1386 1376 a
1416 1333 1579 1376 ceteris
1603 1334 1717 1376 eclo—

167 1403 254 1460 gis,
283 1403 331 1445 in
364 1403 451 1446 hac
479 1404 751 1459 quaestione
773 1419 865 1446 non
889 1404 1205 1460 respiciemus.
1253 1405 1432 1447 accedit
1454 1405 1714 1456 Hesiodz'on,

167 1489 259 1531 quo
283 1473 485 1517 carmine
507 1473 770 1517 Ausonium
793 1481 839 1517 et
860 1475 961 1531 ipso
984 1490 1147 1518 versus
1171 1476 1375 1519 Graecos
1400 1478 1478 1529 (se.
1506 1475 1720 1530 Hesiodi)

166 1544 310 1588 latine
353 1544 607 1587 reddidisse
651 1552 721 1587 est
766 1553 979 1601 apertum
1018 1549 1093 1601 (5).
1148 1547 1236 1590 hae
1269 1553 1491 1603 quattuor
1530 1548 1721 1603 eclogae

167 1615 306 1659 etiam
354 1615 401 1658 in
451 1615 686 1658 codicibus
736 1617 933 1660 servatis
981 1617 1242 1661 cohaerent.
1314 1632 1422 1660 nam
1470 1617 1517 1660 in
1568 1618 1723 1661 codice

167 1685 396 1731 Vossiano
436 1686 527 1743 (fol.
559 1690 635 1729 111
663 1702 780 1730 saec.
807 1689 976 1742 VIIII),
1016 1702 1154 1744 quem
1194 1689 1251 1731 ad
1286 1687 1332 1731 id
1366 1703 1532 1745 corpus
1569 1689 1722 1745 ipsum

168 1756 361 1800 Ausonii
400 1756 689 1813 scriptorum,
727 1759 851 1814 quod
894 1758 1104 1801 redactor
1144 1759 1332 1815 quidam
1373 1761 1489 1815 ‘post
1527 1767 1723 1803 mortem

166 1834 331 1884 poetae
354 1843 411 1871 ex
433 1828 613 1871 scriniis
636 1827 794 1885 ipsius’
823 1828 871 1871 in
901 1830 1054 1872 lucem
1073 1829 1229 1873 emisit
1252 1837 1298 1873 et
1320 1831 1367 1872 in
1392 1845 1484 1887 quo
1507 1832 1721 1887 syllogen

167 1898 374 1942 exhiberi
414 1899 489 1942 vel
528 1900 585 1942 ab
624 1900 727 1956 ipso
759 1900 969 1943 Ausonio
1008 1901 1178 1944 factam
1220 1902 1292 1944 vel
1329 1902 1495 1944 saltem
1528 1902 1586 1945 ad
1624 1901 1723 1946 eius

165 1972 457 2014 voluntatem
481 1971 807 2013 concinnatam
825 1971 875 2014 A.
898 1970 1035 2014 Riese
1048 1975 1080 2025 2)
1104 1971 1274 2027 docuit,
1298 1973 1508 2016 recedere
1527 1979 1723 2028 constat,

167 2057 259 2084 una
292 2056 397 2084 cum
430 2040 577 2084 tribus
611 2042 787 2098 eclogis
819 2043 1136 2099 sequentibus,
1176 2044 1256 2086 sed
1296 2044 1535 2087 seiunctae
1567 2045 1625 2087 ab
1658 2060 1723 2087 re-

166 2112 305 2168 liquis
339 2111 556 2155 omnibus
579 2112 754 2169 eclogis
779 2114 1003 2170 leguntur
1016 2116 1061 2168 ³),
1095 2113 1141 2156 in
1166 2113 1439 2158 collectione
1462 2116 1722 2158 carminum

166 2184 556 2238 Ausonianorum‚
591 2184 664 2227 cui
699 2184 864 2227 titulus
898 2192 969 2227 est
1000 2184 1249 2242 ‘Incipiunt
1283 2194 1501 2242 excerpta
1534 2187 1590 2230 de
1613 2202 1721 2244 opu-

168 2254 307 2297 sculis
340 2254 521 2297 Decimi
556 2256 719 2311 Magni
747 2255 958 2298 Ausonii'
992 2270 1202 2312 quaeque
1235 2264 1419 2301 servata
1452 2265 1522 2301 est
1553 2258 1722 2314 praeci-

166 2340 257 2381 pue
288 2325 587 2382 Sangallensi
611 2329 694 2369 899
725 2342 843 2371 saec.
867 2329 911 2369 X
935 2327 979 2370 G
1003 2333 1049 2370 et
1073 2327 1364 2371 Bruxellensi
1388 2332 1578 2373 5369173
1603 2345 1719 2372 saec.

166 2398 260 2438 XII
292 2399 327 2438 B
365 2396 612 2451 codicibus,
647 2398 771 2441 solae
810 2398 1168 2455 inveniuntur4).
1223 2400 1434 2456 eclogam
1467 2401 1536 2443 ‘de
1579 2400 1719 2444 ambi-

311 2525 335 2570 l)
363 2527 525 2563 ordinem
558 2528 725 2563 editionis
758 2528 893 2573 Peiperi
926 2538 1068 2574 sequor,
1102 2539 1320 2574 quamquam
1356 2531 1506 2576 eclogae
1539 2531 1657 2566 9—26
1686 2533 1719 2566 In

165 2585 344 2620 Vossiano
369 2586 492 2622 codice
518 2588 701 2633 prIncipali
728 2589 882 2633 priorem
908 2589 1027 2624 locum
1054 2589 1216 2625 obtinent
1242 2593 1324 2631 ante
1350 2591 1496 2636 eclogas
1525 2590 1625 2625 1-8,

309 2645 337 2687 2)
363 2645 473 2681 Anth.
501 2647 576 2682 Lat.
594 2646 620 2682 11
639 2647 747 2692 praef.
769 2658 800 2692 p.
817 2647 923 2683 XVIII
952 2648 1119 2684 editionis
1146 2651 1282 2694 prioris.

309 2704 339 2748 ³)
366 2704 407 2739 ci.
435 2705 573 2750 Peiper‚
600 2707 683 2741 edit.
711 2707 818 2751 praef.
848 2717 879 2751 p.
902 2706 1001 2742 XXII.

310 2764 340 2806 ⁴)
370 2764 411 2799 cf.
440 2764 564 2809 Peiper
589 2765 610 2801 l.
631 2776 658 2801 c.
678 2776 711 2811 p.
728 2765 793 2801 LII.
