1986 2974
803 466 1015 534 Caput
1054 466 1084 518 1.

313 584 586 641 Priusquam
627 585 684 627 ad
724 585 845 627 hanc
877 583 1198 640 quaestionem
1231 582 1566 626 absolvendam
1601 597 1723 625 acce-

169 655 345 711 damus,
367 671 459 698 non
483 655 650 698 inutile
672 670 771 698 esse
794 662 1013 711 putamus
1036 654 1303 697 examinare
1327 669 1390 708 ea,
1423 668 1542 709 quae
1566 653 1641 695 alii
1666 655 1723 696 de

169 726 468 782 scriptoribus
509 727 736 769 Romanis
775 725 998 769 orationis
1036 740 1202 782 prosae
1240 725 1297 767 ab
1332 723 1540 767 Ausonio
1578 724 1723 767 conti-

170 804 331 840 nenter
363 796 584 840 adhibitis
617 798 949 841 disseruerunt.
996 797 1088 840 iarn
1121 795 1299 852 pridem
1332 795 1420 839 viri
1442 794 1565 838 docti
1582 798 1611 848 ¹)
1636 794 1723 838 sibi

169 875 498 923 persuaserunt
520 874 705 925 poetam
726 866 1111 924 Burdigalensem
1134 867 1182 911 in
1203 867 1424 910 Mosellae
1448 882 1490 910 v.
1512 869 1595 909 298
1615 881 1721 922 sqq.,

169 938 246 981 ubi
280 938 415 983 villas
448 939 494 982 in
528 939 639 997 ripis
664 940 885 983 Mosellae
912 938 1122 982 fluminis
1149 945 1409 982 exstructas
1432 937 1600 994 dignas
1624 952 1724 980 esse

168 1010 412 1065 praedicat,
460 1025 578 1067 quae
617 1024 721 1053 cum
762 1010 979 1067 operibus
1018 1009 1317 1067 antiquorum
1363 1009 1722 1052 architectorum

170 1080 529 1125 clarissimorum
563 1088 899 1138 comparentur,
932 1081 1155 1125 Varronis
1183 1080 1529 1124 hebdomadum
1552 1079 1721 1122 librum

170 1155 223 1207 X,
257 1153 302 1195 id
337 1154 459 1210 quod
492 1153 591 1210 ipse
623 1152 810 1207 indicat,
844 1168 943 1196 esse
976 1159 1187 1196 secutum
1201 1153 1245 1209 2).
1300 1152 1403 1195 illos
1436 1166 1610 1205 versus,
1644 1152 1721 1207 qui

169 1223 338 1266 summi
379 1225 602 1268 momenti
638 1232 760 1279 sunt,
799 1238 903 1267 cum
949 1239 1006 1267 ex
1038 1223 1104 1267 eis
1143 1238 1283 1266 unam
1323 1223 1664 1266 hebdomadem
1699 1237 1723 1265 e

169 1294 347 1338 decimo
379 1295 495 1338 libro
529 1295 750 1340 Varronis
789 1294 1050 1352 imaginum
1086 1301 1321 1351 sumptam
1356 1309 1614 1349 noscamus,
1646 1294 1724 1336 hic

169 1367 332 1409 afferre
364 1368 533 1423 placet:

309 1438 411 1494 quis
443 1437 564 1495 potis
597 1437 866 1481 innumeros
905 1439 1150 1494 cultusque
1188 1437 1471 1494 habitusque
1509 1442 1723 1480 retexens

308 1509 511 1565 pandere
545 1509 797 1553 tectonicas
829 1524 910 1566 per
942 1509 1130 1565 singula
1162 1508 1351 1565 praedia
1384 1509 1581 1551 formas?

169 1582 252 1621 330
308 1594 402 1622 non
437 1580 523 1623 hoc
555 1587 745 1637 spernat
776 1594 894 1637 opus
927 1579 1186 1635 Gortynius
1218 1580 1378 1636 aliger,
1412 1580 1539 1622 aedis

309 1650 519 1694 conditor
552 1651 800 1706 Euboicae,
834 1666 968 1694 casus
1003 1665 1140 1707 quem
1174 1650 1349 1705 fingere
1382 1649 1428 1692 in
1462 1665 1575 1693 auro

309 1730 556 1765 conantem
590 1722 762 1765 Icarios
796 1721 931 1779 patrii
965 1722 1185 1779 pepulere
1218 1722 1418 1768 dolores;

308 1808 400 1836 non
436 1793 568 1836 Philo
603 1794 864 1851 Cecropius,
898 1808 990 1836 non
1025 1793 1102 1850 qui
1136 1793 1354 1836 laudatus
1387 1793 1445 1835 ab
1478 1793 1612 1836 hoste

309 1866 430 1908 clara
462 1864 695 1920 Syracosii
731 1864 872 1908 traxit
905 1864 1159 1907 certamina
1190 1863 1313 1907 belli.

169 1937 251 1977 305
310 1936 463 1978 forsan
504 1942 549 1978 et
586 1935 795 1992 insignes
837 1935 1177 1992 hominumque
1220 1949 1506 1992 operumque
1544 1935 1723 1978 labores

312 2043 338 2085 ¹)
365 2041 407 2077 cf.
426 2042 463 2077 F.
481 2041 664 2082 Ritschelii
690 2052 814 2088 opusc.
842 2041 883 2077 ΙΙΙ
902 2052 935 2087 p.
956 2041 1037 2078 512.

310 2101 336 2145 2)
363 2101 420 2136 hic
452 2102 599 2146 quaerat
631 2102 822 2146 quispiam,
858 2102 974 2137 utrum
1006 2101 1177 2138 Varronis
1211 2101 1461 2137 hebdomades
1495 2102 1584 2136 inter
1616 2111 1722 2146 opera

169 2161 378 2204 scriptorum
416 2161 586 2195 orationis
620 2170 748 2205 prosae
783 2170 828 2195 an
866 2161 956 2196 inter
994 2170 1101 2205 opera
1140 2163 1325 2206 poetarum
1362 2162 1431 2195 sint
1469 2161 1720 2195 numerandae.

169 2220 358 2264 utrumque
384 2220 479 2254 enim
504 2220 579 2254 iure
604 2220 712 2254 dicas.
764 2229 846 2254 nam
874 2229 954 2254 cum
981 2220 1134 2264 primum
1161 2220 1289 2255 librum
1316 2220 1578 2264 disputationes
1605 2221 1723 2266 isago-

168 2279 276 2324 gicas,
303 2287 393 2323 quas
419 2278 573 2323 pedestri
600 2288 765 2314 sermone
785 2280 1005 2324 conscriptas
1023 2278 1135 2314 fuisse
1154 2282 1288 2314 certum
1308 2279 1373 2321 est,
1393 2288 1474 2314 esse
1492 2279 1722 2323 complexum

168 2347 211 2371 ex
238 2336 329 2372 Geli.
357 2336 398 2371 III
427 2337 470 2372 10
501 2337 739 2383 intellegatur,
774 2338 898 2382 reliqui
931 2337 1012 2372 libri
1048 2340 1083 2373 ei
1118 2338 1313 2373 orationem
1350 2338 1504 2373 solutam
1539 2339 1572 2372 et
1605 2338 1723 2383 elogia

169 2396 311 2431 metrica
337 2396 550 2432 habuerunt.
589 2398 846 2443 epigrammata
873 2397 1090 2442 imaginibus
1117 2397 1227 2432 fuisse
1254 2397 1390 2432 adiecta
1417 2399 1517 2431 testis
1544 2400 1597 2431 est
1620 2396 1722 2441 Syrn-

168 2455 282 2489 mach.
309 2464 366 2499 ep.-
384 2454 395 2489 1
414 2454 446 2497 2,
465 2455 498 2491 2.
524 2465 643 2500 neque
661 2465 746 2490 vero
764 2456 915 2491 dubitari
934 2458 1064 2500 potest,
1091 2457 1177 2500 quin
1196 2457 1308 2491 oratio
1326 2456 1443 2490 soluta
1461 2457 1495 2490 in
1516 2456 1583 2490 hoc
1602 2466 1721 2499 opere,

169 2514 266 2558 quod
299 2514 480 2549 historiam
513 2515 664 2550 vitarum
697 2515 732 2548 et
757 2524 873 2549 rerum
901 2515 1082 2561 gestarum
1108 2515 1295 2550 hominum
1323 2515 1597 2549 clarissimorum
1625 2524 1707 2558 prae

169 2574 291 2607 buisse
318 2573 470 2618 videtur,
497 2574 742 2618 praevaluerit.
