2001 3099
914 128 1157 166 ,14-

235 262 563 305 Alexandrinis
597 265 654 306 ab
690 266 747 306 H.
775 266 1024 319 Dielesiol)
1058 266 1205 319 editis,
1239 266 1285 308 in
1321 282 1410 323 quo
1441 267 1681 311 architecti
1705 270 1791 311 cla-

233 332 403 375 rissimi
438 343 775 379 enumerantur.
824 336 870 379 in
906 338 993 379 hoc
1027 338 1241 394 catalogo
1277 344 1332 394 (p.
1356 342 1391 392 7,
1421 342 1490 388 13)
1523 346 1629 395 post
1650 341 1789 394 Χειρί-

233 420 377 463 σοφος,
401 406 521 461 quod
547 420 716 449 nomen
737 407 952 451 librarius
970 408 1200 465 insipidus
1218 425 1299 465 pro
1318 411 1580 468 Χερσίφρων
1597 410 1791 468 scripsit,

233 474 372 518 etiam
414 477 694 533 Δεινοκράτης
734 479 918 536 legitur,
963 481 1019 523 ad
1061 481 1182 536 quod
1226 496 1283 523 ex
1319 481 1486 524 litteris
1526 496 1687 525 versus
1725 497 1791 525 se-

233 547 419 603 quentis
453 547 648 591 servatis
684 565 944 607 cognomen
986 554 1008 593 0⁶
1030 553 1131 606 μετὰ
1164 553 1439 607 Ἀλεξάνδρου
1475 553 1789 609 supplendum

232 618 418 662 videtur
450 635 563 665 esse.
613 627 754 678 atque
788 637 892 665 cum
921 622 968 665 in
994 637 1130 666 versu
1159 626 1208 665 17
1234 623 1435 679 catalogi
1460 624 1599 666 etiam
1625 623 1788 667 Philon

232 700 632 747 commemoretur,
673 693 875 737 dubitari
916 709 1008 737 non
1051 701 1217 751 potest,
1258 695 1368 751 quin
1403 694 1478 738 hic
1512 694 1788 739 Dinocrates

231 761 354 806 idem
388 763 460 817 sit,
493 779 629 821 quem
657 766 893 808 Ausonius
927 765 1051 810 dicit.
1106 767 1186 809 sed
1220 767 1425 809 fabulam
1450 767 1507 809 de
1540 767 1788 810 simulacro

233 835 462 890 Arsinoes,
486 850 626 892 quam
650 836 873 880 exhibent
900 852 1061 881 versus
1085 845 1335 894 sequentes
1359 837 1568 892 Ausonii,
1592 845 1674 882 aut
1695 839 1789 882 iam

230 908 377 950 Varro
411 906 457 949 in
494 906 793 952 Dinocratem
829 908 1069 952 transtulit
1101 916 1183 952 aut
1215 908 1453 952 Ausonius
1493 909 1682 953 aliunde
1713 910 1789 952 ad-

231 977 358 1021 didit.
408 993 605 1035 quorum
637 981 835 1024 alterum
869 982 1066 1024 coniecit
1101 981 1147 1024 C.
1174 981 1362 1035 Hosius,
1395 995 1499 1023 cum
1534 981 1649 1024 haec
1681 981 1787 1024 scri-

230 1049 420 1103 beret2j›:
469 1052 594 1094 ίΡ1111.
648 1051 877 1096 berichtet
916 1068 973 1095 an
1022 1053 1216 1095 anderer
1259 1052 1404 1096 Stelle
1450 1054 1659 1096 XXXIV
1697 1056 1789 1106 148,

231 1121 320 1163 dass
359 1129 581 1178 magnete
618 1123 773 1180 lapide
813 1123 1095 1167 architectus
1134 1122 1437 1167 Timochares
1477 1123 1787 1177 (Timocrates

231 1193 304 1235 ein
335 1192 437 1235 Teil
472 1195 552 1236 der
576 1196 800 1252 Hdschr.)
834 1196 1144 1239 Alexandriae
1169 1194 1388 1238 Arsinoes
1422 1196 1647 1251 templum
1682 1210 1786 1238 con-

229 1279 463 1308 camarare
500 1266 815 1322 inchoaverat,
855 1274 908 1310 ut
943 1268 991 1309 in
1032 1283 1086 1310 eo
1124 1266 1424 1310 simulacrum
1464 1282 1488 1309 e
1520 1268 1638 1309 ferro
1676 1281 1786 1323 pen-

228 1336 335 1379 dere
369 1352 473 1380 aere
506 1338 754 1383 videretur.
815 1338 1085 1382 Intercessit
1116 1338 1263 1396 ipsius
1295 1353 1418 1381 mors
1453 1346 1498 1381 et
1533 1337 1785 1381 Ptolemaei

228 1408 365 1464 regis,
399 1410 475 1466 qui
510 1410 556 1452 id
591 1409 735 1453 sorori
768 1425 880 1453 suae
909 1411 1108 1453 iusserat
1129 1411 1244 1465 fieri,
1267 1410 1475 1453 derselbe
1498 1411 1705 1454 XXXVI
1731 1412 1783 1452 68

227 1478 303 1522 hic
351 1479 614 1536 (obeliscus)
663 1480 751 1524 {uit
798 1481 844 1524 in
894 1481 1119 1525 Arsinoeo
1166 1482 1346 1538 positus
1386 1497 1411 1524 a
1449 1496 1572 1538 rege,
1612 1495 1783 1524 munus

224 1550 394 1594 amoris
434 1553 481 1594 in
517 1552 717 1609 coniuge
752 1554 1006 1610 eademque
1030 1568 1183 1596 sorore
1207 1553 1414 1596 Arsinoe.
1449 1551 1587 1596 Diese
1615 1552 1782 1595 beiden

223 1622 401 1665 Stellen
452 1624 555 1680 gibt
594 1626 753 1667 Auson
801 1625 982 1680 wieder,
1029 1640 1115 1667 nur
1161 1625 1250 1668 dass
1290 1639 1337 1667 er
1368 1624 1509 1680 jenen
1547 1626 1644 1666 Bau
1683 1637 1784 1666 aus-

226 1694 418 1750 gefiihrt
440 1694 538 1737 sein
564 1696 662 1739 l‘a'sst
685 1697 781 1739 und
804 1703 919 1739 statt
943 1696 1023 1739 des
1049 1695 1301 1739 Obelisken
1327 1696 1408 1738 das
1431 1695 1600 1737 andere
1625 1694 1784 1739 Wahr-

223 1765 412 1808 zeichen
446 1767 733 1823 Aegyptens,
773 1767 847 1810 die
889 1767 1144 1823 Pyramide‚
1184 1774 1310 1811 setzt.
1375 1767 1575 1809 Freilich
1615 1766 1698 1809 hat
1735 1781 1783 1809 er

224 1835 506 1880 Dinochares
546 1839 640 1881 und
681 1837 984 1882 Timochares
1023 1839 1352 1882 verwechselt.'
1417 1852 1508 1894 qua
1545 1836 1592 1880 in
1632 1852 1680 1880 re
1712 1837 1783 1880 vir

223 1907 532 1963 doctissimus,
572 1909 649 1966 qui
690 1911 956 1967 ceteroquin
991 1912 1048 1953 de
1084 1909 1275 1953 Ausonii
1311 1909 1530 1952 Mosellae
1563 1909 1782 1965 interpre-

223 1978 399 2023 tatione
433 1981 608 2037 optime
642 1989 713 2024 est
746 1981 951 2036 meritus,
986 1996 1136 2025 errore
1166 1988 1329 2039 captus
1352 1981 1495 2024 fuisse
1519 1980 1633 2023 mihi
1657 1980 1781 2023 vide-

223 2054 354 2105 t11r3).
419 2067 529 2095 nam
569 2068 658 2109 quo
699 2055 836 2097 modo
876 2054 950 2097 vel
991 2068 1081 2110 quo
1120 2054 1219 2096 iure
1252 2051 1514 2095 Ausonium
1557 2067 1621 2106 ea,
1661 2065 1780 2108 quae

223 2138 328 2167 eum
370 2125 492 2181 apud
536 2125 737 2168 Plinium
777 2128 831 2168 N.
864 2127 924 2169 H.
956 2127 1166 2169 XXXIV
1195 2128 1272 2167 148
1312 2125 1368 2167 de
1402 2124 1680 2168 Timochare
1722 2124 1780 2167 le-

222 2196 347 2251 gisse
386 2195 602 2252 opinaris,
647 2197 693 2239 in
736 2197 1037 2240 Dinocratem
1084 2197 1329 2240 transferre
1367 2196 1576 2252 potuisse
1616 2196 1781 2252 putas?

222 2282 279 2310 an
315 2281 475 2310 censes
509 2267 555 2310 in
581 2267 776 2311 Ausonii
806 2269 963 2311 codice
990 2268 1212 2321 Pliniano,
1247 2282 1383 2324 quem
1409 2283 1434 2310 a
1456 2267 1643 2311 librario
1666 2265 1779 2310 satis

221 2339 506 2395 neglegente
552 2347 795 2383 exaratum
841 2340 982 2383 fuisse
1028 2355 1085 2383 ex
1117 2339 1387 2394 Symmachi
1434 2338 1633 2395 epistula
1668 2340 1688 2381 1
1724 2341 1776 2381 24

221 2415 280 2467 (p.
311 2414 360 2452 14
395 2411 461 2453 ed.
491 2411 655 2468 Seeck)
689 2412 871 2463 scimus,
906 2412 1211 2453 Dz'uocsaarcm
1243 2426 1325 2467 pro
1355 2411 1612 2453 Timochare
1642 2410 1779 2466 scrip-

223 2490 321 2525 tum
356 2483 497 2526 fuisse
531 2490 576 2526 et
602 2482 862 2526 Ausonium
898 2483 1024 2526 hunc
1056 2497 1160 2525 curn
1186 2481 1449 2536 Dinocrate,
1481 2496 1620 2538 quem
1652 2483 1775 2539 apud

367 2602 392 2644 ¹)
419 2602 552 2638 Ablidl.
580 2603 611 2638 d.
641 2602 718 2638 Bcrl
757 2602 956 2638 Akademic
986 2601 1084 2637 1904.

365 2663 393 2703 2)
421 2662 441 2696 l.
463 2673 490 2697 c.
512 2673 542 2707 p.
563 2662 608 2698 65
627 2662 670 2697 ad
691 2672 721 2697 v.
741 2662 804 2697 311
830 2672 908 2707 sqq.

365 2722 393 2765 ἶ)
421 2732 544 2757 vcrcor
570 2732 615 2757 ne
640 2723 692 2757 vir
718 2721 946 2757 doctissimus
975 2722 1031 2756 liic
1058 2723 1167 2757 nimio
1192 2721 1312 2756 studio
1338 2722 1382 2756 sit
1414 2722 1544 2757 ductus
1562 2722 1775 2758 ostendendi

220 2780 421 2816 Ausonium
450 2781 550 2817 Plinii
583 2782 790 2819 Naturalem
817 2783 1009 2819 Historiam
1042 2785 1077 2818 in
1111 2783 1262 2820 Mosella
1288 2784 1538 2829 componenda
1564 2786 1771 2827 respexisse.
