2001 3099
796 122 1088 160 —13—

170 261 299 302 nium
340 274 481 302 unam
520 260 808 315 eandemque
848 260 1048 301 fabulam
1091 259 1240 301 (licere
1281 275 1333 301 ea
1375 260 1560 314 quidem
1594 260 1720 301 diffc-

170 330 331 384 tentia,
364 337 426 384 ut,
460 336 782 386 praeterquam
817 331 937 385 quod
968 329 1140 372 Plinius
1174 337 1455 384 magnetem,
1486 330 1720 373 Ausonius

169 402 392 455 achatem,
425 401 502 457 qui
527 407 764 456 tamquam
789 416 921 442 corus
945 400 1152 456 spiraret,
1176 401 1476 443 simulacrum
1501 402 1719 443 Arsinoes

171 471 415 515 attraxisse
434 471 556 524 dicit,
576 472 691 513 alter
705 472 910 513 fabulam
932 472 1194 524 Dinochari‚
1211 472 1325 513 alter.
1343 471 1605 513 Timochari
1625 471 1721 514 vin-

170 543 303 586 dicet.
357 542 490 584 facile
522 542 691 584 dixerit
724 543 954 598 quispiam
981 541 1290 585 Dinocharem
1327 549 1372 584 et
1393 541 1718 584 Timocharem

169 627 316 655 unum
353 614 646 668 eundemque
679 612 984 656 architectum
1018 613 1173 656 fuisse.
1229 628 1336 655 nam
1369 612 1538 654 mirum
1572 621 1641 655 est
1674 613 1718 654 in

170 683 410 739 utriusque
449 683 641 726 artificis
681 685 868 727 nomine
917 685 1112 726 eandem
1153 683 1427 726 varietatem
1477 698 1716 726 occurrere

170 754 479 797 Dinocharem
519 754 655 808 enim,
695 754 772 810 qui
822 755 1151 797 Alexandriam
1193 762 1263 797 est
1309 760 1522 808 metatus,
1568 754 1721 797 Vitru—

170 824 273 868 vius
298 827 343 866 ΙΙ
372 829 492 878 1-4,
526 826 715 868 Solinus
740 830 806 879 32,
836 827 902 879 41,
937 827 1036 869 Val.
1062 829 1183 868 Max.
1209 828 1229 867 Ι
1254 830 1277 867 4
1304 832 1392 868 ext.
1421 829 1453 878 1,
1487 826 1719 867 Ammian.

171 897 370 938 Marcell.
403 898 543 938 XXII
573 900 634 950 16,
660 901 683 938 7
711 896 1007 939 Dinocratem
1042 898 1286 953 appellant.
1338 911 1423 938 nec
1447 895 1579 939 aliter
1601 897 1721 938 inter

170 982 218 1010 se
242 967 505 1023 discrepant
530 967 709 1010 codices
737 967 933 1010 Pliniani
953 970 1161 1011 XXXIV
1185 971 1262 1010 148
1286 968 1331 1009 in
1357 966 1545 1010 nomine
1567 966 1722 1010 Timo-

169 1038 318 1080 charis
357 1038 619 1091 adferendo,
666 1054 770 1081 cum
816 1038 986 1094 partim
1028 1053 1133 1081 eum
1175 1038 1503 1081 Timocharem
1549 1039 1718 1094 partim

168 1108 482 1151 Timocratem
536 1109 704 1152 dicant.
774 1111 865 1152 huc
909 1109 1097 1164 accedit,
1151 1110 1271 1165 quod
1318 1116 1568 1166 utrumque
1617 1111 1723 1152 arti-

168 1179 301 1222 ficem
344 1180 651 1223 Alexandriae
697 1196 795 1223 esse
834 1187 1076 1236 operatum
1118 1188 1309 1223 constat.
1373 1195 1524 1236 neque
1564 1188 1719 1223 tamen

166 1249 267 1293 fieri
300 1256 458 1306 potest,
481 1258 533 1293 ut
555 1266 794 1294 sumamus
820 1252 1130 1294 Dinocharem
1155 1259 1200 1294 et
1223 1250 1550 1294 Timocharem
1574 1266 1721 1295 unum

169 1322 460 1377 eundemque
499 1322 804 1365 architectum
843 1322 996 1376 fuisse,
1043 1337 1147 1364 cum
1187 1322 1512 1364 Timocharem
1558 1323 1720 1365 eodem

170 1406 292 1435 anno
316 1407 405 1448 quo
433 1395 744 1436 Ptolemaeum
768 1394 1124 1449 Philadelphum
1155 1397 1296 1446 (anno
1321 1409 1359 1437 a.
1385 1394 1487 1436 Chr.
1513 1408 1554 1436 n.
1580 1397 1720 1447 247)¹)

170 1478 270 1506 esse
299 1470 535 1506 mortuum
561 1464 737 1506 Plinius
761 1467 818 1508 N.
841 1467 900 1506 H.
926 1467 1135 1507 XXXIV
1164 1468 1242 1506 148
1267 1463 1517 1507 memoriae
1539 1466 1718 1521 prodat,

170 1533 259 1576 nisi
293 1535 408 1576 forte
442 1542 579 1590 putas
615 1535 937 1588 Dinocharem‚
971 1550 1109 1591 quem
1144 1550 1332 1591 corpore
1366 1536 1558 1591 egregio
1591 1550 1719 1592 prae-

169 1605 319 1647 ditum
356 1606 497 1647 fuisse
530 1605 711 1650 Vitruv.
739 1609 783 1647 ΙΙ
814 1611 845 1660 1,
876 1610 889 1647 l
928 1614 1096 1661 narrat,
1135 1621 1227 1648 non
1261 1606 1416 1648 minus
1456 1613 1642 1649 centum
1676 1614 1722 1650 et

169 1676 326 1718 decem
371 1677 464 1718 fere
509 1691 654 1719 annos
700 1676 882 1720 vixisse.
947 1692 1066 1733 quae
1108 1692 1214 1719 curn
1254 1677 1320 1719 ita
1366 1676 1471 1730 sint,
1511 1677 1720 1733 quaestio

169 1745 324 1799 oritur,
364 1761 454 1802 quo
491 1748 629 1789 modo
674 1749 850 1790 factum
889 1749 961 1800 sit,
1002 1755 1053 1790 ut
1095 1749 1328 1790 Ausonius
1369 1749 1484 1791 duos
1518 1749 1720 1792 artifices

168 1831 250 1872 pro
288 1831 380 1860 una
412 1832 607 1873 persona
640 1820 846 1872 haberet3
881 1826 926 1861 et
959 1833 1063 1861 cum
1095 1820 1183 1861 hac
1215 1824 1483 1874 quaestione
1516 1827 1586 1863 est
1619 1835 1721 1863 con-

168 1888 326 1931 iuncta
373 1889 525 1942 altera,
575 1897 676 1931 uter
724 1889 956 1932 artificum
1003 1891 1049 1931 in
1092 1891 1380 1932 hebdomade
1421 1891 1720 1945 Varroniana,

170 1974 307 2015 quam
357 1968 426 2002 est
471 1968 657 2003 secutus
705 1962 950 2013 Ausonius,
999 1960 1137 2003 fuerit
1182 1960 1344 2003 dictus.
1418 1968 1557 2018 atque
1606 1962 1717 2005 mihi

169 2029 352 2085 quidem
384 2031 478 2072 veri
509 2030 797 2073 simillimum
828 2032 1012 2074 videtur
1037 2047 1136 2074 esse
1159 2033 1415 2075 Varrone-m
1441 2034 1487 2074 in
1510 2034 1589 2075 illa
1613 2035 1720 2077 heb-

170 2101 364 2143 domade
399 2100 710 2144 Dinocharem
745 2104 817 2144 vel
858 2102 1012 2159 potius
1050 2102 1359 2156 Dinocratem,
1401 2103 1478 2160 qui
1522 2106 1720 2148 Alexan-

169 2170 315 2213 driam
354 2173 515 2214 urbem
557 2181 626 2215 est
657 2180 872 2226 metatus,
912 2173 1133 2229 posuisse,
1173 2189 1277 2216 cum
1311 2173 1386 2216 hic
1419 2190 1444 2217 a
1479 2174 1626 2218 Plinio
1662 2179 1718 2221 N.

172 2243 230 2284 H.
256 2244 345 2285 VII
376 2246 466 2297 125,
500 2258 589 2299 quo
624 2245 722 2286 loco
757 2243 895 2287 etiam
932 2255 1022 2287 tres
1057 2245 1170 2287 alios
1204 2245 1482 2288 architectos
1512 2247 1719 2289 eiusdem

170 2312 471 2357 hebdomadis
495 2314 811 2358 Varronianae
833 2316 1057 2358 recenseri
1082 2331 1220 2372 supra
1244 2316 1458 2371 vidimus,
1482 2318 1718 2370 afferatur,

169 2397 318 2439 neque
350 2385 525 2427 nullius
556 2387 777 2428 momenti
815 2387 996 2429 videtur
1030 2401 1140 2440 esse,
1182 2388 1303 2442 quod
1337 2388 1573 2430 Ausonius
1612 2403 1719 2444 quo-

170 2469 258 2510 que
297 2454 444 2510 primo
483 2470 631 2509 versu,
671 2456 748 2512 qui
790 2464 859 2499 est
899 2458 954 2499 de
990 2457 1254 2500 Diuochare
1287 2459 1420 2513 (311),
1461 2460 1585 2501 hunc
1617 2474 1720 2502 con-

170 2525 364 2567 ditorem
418 2527 728 2569 Ptolomaidos
776 2528 910 2570 aulae
957 2528 999 2581 (i.
1040 2543 1076 2571 e.
1119 2528 1445 2581 Alexandriae)
1487 2529 1607 2572 dicit.
1674 2538 1720 2573 et

170 2595 345 2651 optime
393 2599 718 2652 comprobatur
767 2599 880 2641 haec
932 2599 1165 2641 sententia
1215 2614 1307 2642 uno
1354 2601 1410 2642 de
1461 2601 1718 2646 Laterculis

315 2752 340 2793 ¹)
370 2751 410 2786 cf.
430 2751 463 2787 J.
484 2752 630 2798 Beloch,
658 2752 798 2788 Griech.
820 2752 950 2788 Gesch.
971 2752 1012 2787 III
1031 2753 1051 2788 2
1069 2764 1102 2798 p.
1125 2754 1199 2789 122.
