2001 3099
846 111 1137 150 *10-

209 251 476 293 Archimedi
511 249 797 306 geometriae
825 263 877 291 ac
900 248 1175 292 machinalis
1199 247 1422 292 scientiae
1446 248 1767 292 testimonium

212 324 269 366 M.
299 321 503 365 Marcelli
537 320 738 377 contigit
770 320 1031 374 interdicto,
1067 335 1170 363 cum
1201 320 1459 375 Syracusae
1483 326 1768 376 caperentur,

209 409 266 436 ne
301 394 551 436 violaretur
584 407 718 447 unUS,
752 392 839 434 nisi
874 391 1113 435 fefellisset
1145 391 1392 448 imperium
1436 390 1650 434 militaris
1688 390 1771 433 im-

208 464 469 521 prudentia.
535 464 779 511 Laudatus
825 469 895 506 est
941 470 986 506 et
1037 463 1351 518 Chersiphron
1398 461 1606 505 Gnosius
1655 462 1769 505 aede

209 536 383 593 Ephesi
420 535 601 579 Dianae
634 533 896 578 admirabili
929 533 1166 589 fabricata,
1201 533 1365 576 Philon
1390 533 1590 576 Athenis
1624 548 1769 576 arma·

207 607 437 651 mentario
482 607 609 650 mille
648 606 852 661 navium,
892 605 1126 649 Ctesibius
1165 605 1464 662 pneumatica
1503 603 1685 648 ratione
1723 611 1770 647 et

207 678 490 734 hydraulicis
513 679 704 736 organis
726 677 933 734 repertis,
958 676 1248 721 Dinochares
1273 682 1475 719 metatus
1501 676 1768 719 Alexandro

208 750 427 794 condenti
460 750 507 793 in
533 752 753 807 Aegypto
777 747 1139 792 Alexandriam?
1189 754 1398 791 recenset
1419 746 1566 804 igitur
1591 745 1768 789 Plinius

208 821 548 877 Archimedem,
583 820 988 877 Chersiphronem,
1023 818 1278 874 Philonem,
1318 818 1587 873 Ctesibium,
1628 818 1770 860 Dino-

209 894 409 947 charem,
454 894 531 950 qui
581 907 743 935 ornnes
791 892 996 935 Ctesibio
1043 891 1363 934 machinatore
1412 896 1606 947 excepto
1646 889 1768 945 apud

209 966 471 1008 Ausonium
504 964 711 1007 redeunt.
758 978 870 1006 sane
904 963 1092 1019 quidem
1119 961 1443 1004 Archimedem
1479 959 1767 1003 obsidionem

208 1037 545 1091 Syracusarum
583 1034 814 1078 machinis
854 1033 950 1077 suis
993 1033 1188 1077 traxisse
1222 1040 1269 1076 et
1301 1032 1450 1089 patria
1485 1038 1770 1088 expugnata,

209 1123 314 1151 cum
347 1107 393 1150 in
428 1108 620 1164 pulvere
652 1107 824 1149 formas
865 1106 1091 1162 quasdam
1124 1103 1404 1147 describeret
1419 1107 1458 1158 ¹),
1492 1110 1653 1146 contra
1689 1103 1771 1145 im-

208 1180 389 1237 perium
425 1181 484 1221 M.
509 1178 715 1221 Marcelli
750 1176 938 1221 victoris
972 1177 1028 1220 ab
1062 1176 1228 1233 ignaro
1259 1174 1406 1218 milite
1439 1189 1538 1218 esse
1562 1175 1771 1217 interfec-

209 1260 308 1295 tum
347 1251 470 1294 inter
508 1264 669 1293 omnes
709 1255 904 1292 constat.
968 1247 1071 1305 quis
1105 1255 1263 1291 autem
1298 1249 1597 1300 Menecrates,
1633 1259 1770 1302 quem

209 1330 428 1381 quartum
472 1323 609 1365 affert
651 1321 900 1375 Ausonius,
945 1321 1120 1374 fuisset,
1165 1318 1245 1362 diu
1291 1317 1482 1361 dubium
1526 1316 1624 1371 fuit,
1664 1331 1770 1360 cum

210 1409 359 1451 neque
394 1393 571 1437 Plinius
604 1408 756 1450 neque
789 1391 908 1435 alius
941 1391 1137 1448 scriptor
1170 1405 1252 1433 nos
1286 1389 1503 1433 certiores
1543 1388 1683 1432 faciat
1714 1389 1771 1431 de

210 1469 475 1510 Menecrate
508 1465 775 1509 architecto.
840 1477 1125 1520 quamquam
1157 1461 1250 1505 iam
1287 1461 1335 1507 E.
1364 1459 1650 1516 Bockingius
1684 1474 1770 1502 suo

207 1538 307 1582 iure
347 1545 417 1581 est
455 1536 676 1594 opinatus
714 1536 840 1579 hunc
880 1536 1195 1578 Menecratem
1235 1532 1378 1576 fuisse
1418 1538 1600 1588 patrem
1634 1531 1772 1588 adop-

209 1610 360 1654 tivum
399 1608 634 1666 Apollonii
675 1615 721 1651 et
757 1605 973 1651 Taurisci
1013 1606 1314 1662 sculptorum,
1355 1604 1432 1660 qui
1473 1602 1684 1646 ‘Zethum
1725 1609 1772 1645 et

208 1681 521 1737 Amphionem
556 1694 609 1723 ac
643 1678 813 1722 Dircen
847 1685 894 1722 et
927 1684 1112 1721 taurum
1145 1676 1479 1731 vinculumque
1517 1688 1574 1716 ex
1607 1673 1768 1716 eodem

211 1752 374 1810 lapide'
409 1751 706 1805 finxerunt2),
740 1750 872 1794 cuius
900 1747 1052 1806 operis
1082 1747 1287 1804 effigiem
1300 1749 1332 1800 3)
1366 1749 1445 1800 (sc.
1471 1744 1771 1787 simulacrum

210 1831 447 1882 superstes
481 1823 604 1880 quod
639 1830 825 1866 taurum
852 1820 1193 1864 Farnesianum
1226 1833 1390 1862 vocare
1425 1816 1771 1872 consuevimus)

211 1911 312 1939 esse
351 1902 585 1939 servatam
627 1901 792 1937 notum
826 1899 909 1936 est.
959 1892 1038 1935 sed
1074 1893 1125 1938 L.
1159 1890 1392 1943 Urlichs4)
1431 1889 1554 1931 hanc
1592 1893 1772 1930 senten-

211 1968 324 2011 tiam
362 1966 533 2021 reiecit,
572 1980 678 2008 cum
711 1980 804 2008 non
845 1963 906 2007 sit
939 1962 1162 2006 traditum
1204 1964 1515 2004 Menecratem
1556 1974 1580 2001 a
1623 1957 1771 2001 Plinio

212 2044 627 2082 commemoratum
682 2035 963 2093 magistrum
1018 2035 1202 2077 illorum
1252 2033 1540 2088 sculptorum
1597 2030 1770 2072 nedum

211 2111 519 2154 architectum
559 2108 868 2152 clarissimum
915 2105 1070 2160 fuisse,
1116 2112 1162 2148 et
1207 2102 1554 2147 commendavit
1598 2101 1772 2144 coniec-

212 2190 365 2226 turam
386 2180 577 2224 Henrici
598 2181 815 2234 Brunn5),
833 2178 911 2235 qui
935 2178 1066 2221 iuxta
1089 2175 1480 2232 Chersiphronem
1506 2180 1549 2215 et
1568 2172 1770 2215 Ictinum

212 2253 421 2297 Ausonio
472 2251 757 2306 Mnesiclem,
811 2250 889 2307 qui
942 2249 1192 2307 propylaea
1249 2244 1468 2299 condidit,
1523 2244 1771 2287 dicendum

212 2326 355 2369 fuisse
394 2331 438 2367 et
477 2324 653 2366 dictum
694 2323 836 2366 fuisse
885 2320 1230 2378 suspicabatur3
1280 2332 1391 2360 saue
1439 2315 1626 2360 Urlichs
1672 2315 1771 2371 ipse

360 2480 384 2523 ¹)
411 2479 452 2514 cf.
474 2479 546 2513 Liv.
566 2477 667 2512 XXV
684 2476 742 2519 31,
760 2477 792 2512 9.

359 2540 385 2583 2)
412 2538 454 2574 cf.
475 2537 563 2573 Plin.
591 2537 633 2571 N.
654 2536 697 2571 H.
716 2534 862 2570 XXXVI
882 2535 939 2571 34.

358 2598 387 2642 ³)
414 2598 457 2633 cf.
482 2597 533 2631 Fr.
560 2595 790 2637 Studniczka,
824 2594 895 2629 Der
923 2593 1136 2630 Farnesiche
1161 2591 1264 2633 Suet,
1298 2589 1499 2625 Zeilsclirift
1526 2589 1577 2624 fiir
1603 2588 1773 2624 bildende

217 2659 331 2692 Kunst
371 2657 412 2692 N.
432 2657 468 2691 F.
488 2655 565 2691 XIV
585 2655 708 2698 (1903)
727 2665 759 2699 p.
783 2654 844 2689 171
867 2664 945 2698 sqq.

360 2717 388 2760 4)
414 2716 539 2756 Rhein.
559 2715 651 2750 Mus.
692 2713 790 2748 XVII
813 2713 901 2748 1862
920 2723 953 2758 p.
973 2713 1037 2747 471
1060 2721 1113 2756 sq.

358 2776 384 2819 5)
411 2775 543 2810 Gcsch.
571 2775 633 2810 der
659 2774 790 2820 griech.
819 2772 988 2810 Kiinstler
1014 2771 1039 2806 ΙΙ
1061 2781 1093 2816 p.
1113 2770 1193 2806 369.
