2001 3099
859 153 912 158 ---
978 131 1030 168 48
1102 153 1155 158 m.

227 269 414 323 Capella
454 271 514 310 lx
558 272 688 321 928¹)
728 268 858 310 citari
902 275 1058 310 monet
1098 268 1218 310 idern
1269 269 1447 310 Holzer.
1522 283 1641 324 quae
1683 282 1787 310 011111

226 340 289 381 ita
324 339 429 393 sint,
470 340 664 382 dubium
701 355 791 381 non
828 346 908 394 est,
949 341 1061 396 quin
1097 340 1141 381 in
1178 355 1214 383 c.
1246 344 1293 381 12
1334 339 1503 382 iteruin
1545 339 1677 381 nobis
1718 354 1788 381 res

226 412 285 453 sit
319 426 421 453 curn
464 411 675 454 doctrina
714 410 838 454 illius
873 410 960 454 viri
1004 410 1278 454 doctissimi.
1342 418 1389 454 et
1424 426 1545 454 nova
1579 409 1788 466 quaestio

227 481 383 536 oritur,
407 482 479 524 cui
499 483 615 525 libro
635 482 856 526 Varronis
876 483 963 525 hoc
983 490 1122 538 caput
1138 481 1199 525 sit
1219 481 1566 525 vindicandum.
1618 482 1789 524 Holzer

228 560 274 597 et
321 554 463 596 Halm
512 562 799 610 putaverunt
854 555 941 597 hoc
990 562 1130 610 caput
1184 555 1419 610 quondam
1470 554 1516 596 in
1565 551 1788 597 Varronis

225 625 486 679 Tuberone,
529 640 667 682 quern
703 626 984 669 Censorinus
1018 625 1064 667 in
1100 640 1132 668 c.
1164 629 1207 667 11
1247 624 1530 681 compilavit,
1564 625 1787 681 scriptum

226 697 381 740 fuisse.
446 712 537 753 qua
575 696 620 739 in
656 713 703 740 re
742 699 835 740 duo
869 697 954 741 viri
989 697 1114 740 docti
1149 697 1377 740 erravisse
1408 695 1523 738 mihi
1558 696 1786 739 videntur.

226 784 334 812 nam
359 784 391 811 0.
421 772 471 810 12
505 784 531 811 a
556 768 812 811 Censorino
836 769 950 825 ipso,
985 769 1062 825 qui
1088 783 1227 824 quam
1252 769 1502 824 plurimam
1526 767 1784 810 doctrinam

225 840 555 896 coniungebat,
586 840 660 882 hic
685 855 784 883 esse
808 840 1035 883 insertum
1061 839 1209 896 primo
1233 846 1423 895 aspectu
1448 838 1786 895 cognoscimus.

226 912 306 965 bis,
340 912 493 969 capite
525 911 718 954 ineunte
749 919 793 954 et
824 920 1035 965 exeunte,
1070 911 1309 968 praedicat
1333 908 1616 954 Censorinus
1649 910 1788 952 musi-

226 998 305 1026 cae
346 998 441 1026 rem
483 998 582 1026 esse
625 997 729 1025 cum
766 983 1012 1026 natalibus.
1076 982 1141 1026 ita
1176 989 1315 1039 caput
1346 982 1677 1038 interpositum
1710 995 1787 1037 op-

225 1056 336 1097 time
369 1054 677 1111 significatur,
723 1055 769 1096 id
810 1055 933 1110 quod
981 1054 1371 1111 praetereundum
1417 1068 1510 1095 non
1560 1059 1643 1095 est.
1708 1053 1785 1095 sed

226 1125 531 1169 Censorinum
566 1126 654 1169 hoc
687 1134 828 1182 caput
862 1141 885 1168 e
908 1126 1133 1169 Varronis
1160 1125 1523 1181 Disciplinarum
1546 1124 1675 1178 libro,
1708 1123 1786 1179 qni

225 1205 323 1241 erat
355 1198 412 1240 de
444 1198 636 1252 musica,
669 1196 925 1253 sumpsisse
965 1198 1057 1240 iam
1099 1197 1203 1240 ideo
1237 1196 1331 1239 veri
1375 1203 1445 1238 est
1483 1195 1787 1249 simillimum,

225 1270 347 1325 quod
382 1284 418 1311 c.
449 1273 497 1311 13
546 1285 601 1311 ex
642 1268 815 1312 eisdem
852 1267 1124 1324 Disciplinis
1171 1283 1270 1310 esse
1309 1268 1531 1310 haustum
1571 1266 1785 1310 vidimus,

225 1340 419 1396 accedit,
466 1341 588 1396 quod
629 1355 665 1384 0.
700 1343 748 1382 12
796 1355 900 1383 cnm
948 1338 1180 1382 Martiano
1220 1339 1408 1396 Capella
1444 1341 1512 1380 IX
1553 1340 1785 1380 923-*929

224 1414 362 1469 plane
394 1412 625 1468 congruit,
659 1426 797 1468 quein
833 1426 889 1453 ex
915 1409 1137 1454 Varronis
1171 1409 1429 1466 disciplinis
1463 1408 1676 1452 hausisse
1709 1423 1785 1451 no-

224 1491 322 1527 tum
370 1490 452 1527 est.
517 1482 719 1539 denique
751 1483 867 1525 haec
900 1482 1133 1525 sententia
1172 1482 1312 1524 etiam
1354 1496 1407 1524 eo
1441 1481 1781 1536 comprobatur,

223 1556 344 1611 quod
387 1570 422 1599 0.
458 1558 521 1609 10,
570 1569 769 1610 quocum
813 1569 845 1597 0.
884 1557 933 1595 12
974 1554 1241 1609 argumenti
1282 1553 1515 1596 affinitate
1553 1551 1785 1595 artissima

223 1628 500 1681 continetur,
534 1627 591 1668 de
616 1627 777 1669 eodem
802 1626 932 1668 fonte
965 1626 1295 1681 depromptum
1319 1630 1401 1678 est,
1433 1623 1478 1666 id
1504 1624 1628 1680 quod
1660 1637 1785 1665 nunc

223 1699 544 1741 demonstrare
578 1697 625 1739 in
660 1697 816 1740 animo
849 1697 1088 1740 habemus.

366 1772 471 1813 Hoc
504 1776 646 1825 caput
673 1772 723 1811 10
748 1768 1091 1812 Varronianum
1127 1782 1227 1810 esse
1262 1766 1397 1824 primi
1434 1769 1494 1811 H.
1520 1766 1705 1808 Deiters
1739 1772 1784 1808 et

225 1842 275 1886 E.
303 1843 485 1895 Holzer,
525 1854 640 1896 quos
681 1839 824 1883 etiam
859 1841 914 1883 A.
942 1840 1082 1881 Hahn
1118 1846 1188 1882 est
1220 1845 1420 1892 secutus,
1454 1843 1781 1892 cognoverunt.

225 1914 452 1966 Deiters2)
487 1913 605 1956 vidit
627 1912 762 1955 nobis
796 1912 992 1955 eandem
1026 1911 1231 1954 musicae
1270 1911 1605 1962 definitionem,
1644 1923 1781 1965 quam

224 1984 507 2029 Censorinus
546 1984 622 2026 hic
661 1984 837 2040 profert
879 1983 1087 2038 (musica
1127 1989 1199 2025 est
1237 1981 1431 2025 scientia
1465 1982 1583 2024 bene
1625 1981 1785 2023 modu-

224 2056 381 2110 landi')
405 2056 528 2112 apud
551 2054 878 2111 Augustinum
902 2056 959 2097 de
983 2069 1102 2096 mus.
1128 2056 1146 2095 Ι
1173 2056 1210 2108 2,
1237 2052 1519 2096 Martianum
1545 2052 1780 2108 Capellam

224 2131 292 2170 IX
327 2131 423 2182 930,
463 2125 807 2171 Cassiodorium
843 2127 868 2169 l.
894 2141 926 2169 0.
952 2140 987 2169 c.
1013 2127 1054 2169 V
1088 2139 1339 2168 occurrere.
1405 2123 1508 2166 ideo
1548 2122 1644 2166 veri
1684 2137 1784 2165 esse

223 2198 513 2241 simillimum
551 2199 636 2241 hos
676 2197 922 2253 scriptores
962 2211 1063 2240 eam
1105 2212 1160 2239 ex
1200 2203 1388 2239 auctore
1421 2194 1669 2248 communi,
1709 2193 1782 2236 cui

223 2285 385 2313 omnes
419 2268 693 2325 adstipulati
728 2275 884 2312 essent
918 2271 995 2321 (sc.
1021 2283 1077 2310 ex
1100 2268 1338 2323 Varrone),
1372 2265 1593 2308 hausisse.
1648 2279 1783 2321 porro

224 2342 344 2384 idern
387 2339 457 2384 vir
496 2341 662 2383 doctus
706 2339 1040 2383 animadvertit
1080 2337 1386 2381 Censorinum
1433 2337 1605 2393 pariter
1643 2343 1783 2392 atque

227 2412 510 2456 Mattianum
544 2412 783 2469 Capellam
818 2414 887 2454 IX
921 2415 1005 2453 930
1021 2438 1047 2441 ⁷-
1069 2414 1153 2453 935
1194 2410 1239 2452 in
1282 2407 1572 2465 symphoniis
1611 2406 1783 2463 simpli-

370 2557 393 2599 1)
421 2557 468 2590 ‘in
495 2555 605 2600 Lydia
640 2555 889 2600 Nympharum
924 2554 1059 2589 insulas
1092 2553 1172 2597 dici,
1208 2562 1299 2597 quas
1338 2553 1444 2586 etiam
1478 2552 1651 2586 recentior
1682 2549 1782 2585 adse-

224 2617 376 2652 rentium
406 2616 515 2651 Varro
543 2625 582 2650 se
609 2615 744 2650 vidisse
773 2615 932 2655 testatur,
966 2623 1058 2658 quae
1085 2614 1119 2647 in
1147 2612 1305 2647 medium
1339 2615 1508 2657 stagnum
1542 2621 1560 2645 a
1588 2609 1781 2645 continenti

225 2676 460 2720 procedentes
492 2678 599 2710 cantu
638 2675 801 2709 tibiarum
838 2675 951 2718 primo
984 2675 1019 2707 in
1058 2672 1228 2706 circulum
1261 2672 1396 2713 motae,
1436 2671 1567 2705 dehinc
1599 2669 1643 2704 ad
1681 2669 1780 2703 litora

224 2735 468 2770 revertuntur.‘

368 2794 395 2838 ²)
423 2794 443 2828 1.
465 2804 492 2829 0.
512 2804 544 2838 p.
564 2793 587 2829 5
614 2796 648 2828 et
674 2793 706 2828 6.
