2001 3099
808 158 1097 197 -57—

177 301 278 336 tura
324 309 478 337 rerum
526 293 666 337 libelli
718 310 751 338 c.
787 297 857 337 ΙΙΙ
893 300 916 337 2
956 311 1021 352 sq.
1039 297 1068 348 ¹)
1117 302 1172 349 et,
1212 310 1349 351 quenl
1390 314 1482 342 non
1528 296 1733 352 respexit

179 363 526 419 Reifferscheid,
560 368 759 408 Ioannes
788 366 1071 413 Laurentius
1096 368 1255 422 Lydus
1289 367 1335 410 in
1370 369 1486 412 libro
1518 369 1575 411 de
1606 383 1732 410 men-

177 435 306 478 sibus
339 437 385 477 11
419 439 444 478 4
478 451 572 493 sqq.
607 436 794 480 docent:

175 579 370 622 Auson.
391 579 469 622 ecl.
488 581 628 623 V1111

232 653 291 706 (p.
316 653 369 692 97
392 650 572 706 Peiper)

231 719 447 775 Nomina,
513 735 631 776 quae

173 798 350 847 septem
412 792 631 835 vertenti-

173 863 260 905 bus
298 869 408 918 apta
441 861 603 905 diebus
620 861 631 919 ῙΙ

173 935 332 975 Annus
352 933 504 988 habet,
529 934 631 976 toti-

173 1004 279 1046 dem
325 1012 528 1048 errantes
570 1006 630 1047 fe-

173 1089 272 1117 cere
365 1076 595 1131 planetae.
619 1076 630 1134 ΙῙ

174 1146 302 1200 Quos
399 1145 629 1190 indefessa

173 1216 368 1259 volvens
399 1217 630 1274 vertigine

172 1287 376 1330 mundus
417 1287 427 1345 Η
463 1289 631 1345 Signo-

173 1372 274 1400 rum
299 1358 485 1415 obliqua
502 1359 632 1404 iubet

173 1428 219 1471 in
232 1429 432 1473 statione
444 1431 632 1489 vagariM

176 1499 381 1543 Primum
478 1517 631 1558 supre-

172 1585 393 1628 mumque
416 1571 537 1615 diem
564 1588 631 1615 ra-

172 1640 325 1684 diatus
347 1642 488 1686 habet
511 1644 603 1688 Sol.
621 1644 632 1702 Η

176 1712 390 1755 Proxima
402 1714 632 1758 fraternae

173 1783 378 1827 succedit
401 1786 537 1831 Luna
562 1801 631 1828 co-

172 1869 325 1897 ronae.
339 1854 350 1912 ΙΙ
361 1854 547 1898 Tertius
558 1857 632 1899 ad-

174 1926 383 1981 sequitur
443 1925 630 1970 Titania

176 1995 353 2039 lumina
406 1999 602 2041 Mavors.
621 1998 631 2056 Η

176 2067 425 2110 Mercurius
478 2070 629 2124 quarti

173 2136 259 2180 sibi
278 2137 487 2181 vindicat
508 2147 631 2182 astra

173 2207 276 2251 diei.
327 2207 338 2266 ΙΙ
386 2210 631 2253 Illustrant

173 2278 382 2335 quintam
408 2280 532 2323 Iovis
555 2296 631 2323 au-

173 2364 250 2392 rea
270 2349 418 2394 sidera
435 2352 631 2409 zonanrll

172 2419 316 2464 Sexta
411 2422 630 2478 salutige-

173 2505 276 2533 rum
308 2493 517 2548 sequitur
545 2495 631 2537 Ve-

739 579 932 622 Isidor.
965 580 1021 622 de
1055 586 1145 622 nat.

708 665 788 693 rer.
814 653 882 692 III
913 654 937 692 2
961 665 1026 706 sq.
1057 654 1115 707 (p.
1141 654 1164 692 9

842 722 1033 774 Becker)

768 795 803 835 2.
829 792 965 848 Apud
1001 794 1166 835 Rorna-

710 879 793 906 nos
816 870 972 906 autem
996 863 1042 905 hi
1070 862 1167 906 dies

709 950 734 977 a
750 934 949 990 planetis
968 960 1019 965 -
1035 933 1080 976 id
1099 941 1168 977 est

709 1004 915 1048 erraticis
942 1004 1088 1048 stellis
1113 1032 1165 1035 —

709 1075 897 1119 nomina
930 1083 1165 1132 ceperunt.

711 1147 916 1189 Primum
947 1148 1069 1189 enirn
1104 1148 1166 1190 di-

708 1233 780 1261 em
796 1234 821 1261 a
837 1219 932 1261 sole
948 1225 1167 1262 vocatum

708 1288 1166 1346 dicimus,quiaprin-

710 1376 817 1417 ceps
850 1368 920 1403 est
957 1359 1162 1403 omnium

709 1431 926 1482 siderum,
968 1433 1089 1474 sicut
1121 1439 1167 1474 et

708 1502 830 1545 idem
875 1502 972 1545 dies
1016 1503 1164 1559 capud

708 1580 778 1616 est
807 1580 1080 1616 cunctorum
1103 1574 1167 1616 di-

706 1658 846 1698 erum,
909 1644 1166 1686 secundum

705 1731 731 1757 a
764 1716 888 1768 luna,
928 1729 1046 1771 quae
1079 1714 1165 1757 soli

706 1792 752 1828 et
810 1785 1057 1842 splendore
1121 1793 1166 1829 et

704 1856 1034 1912 magnitudine
1067 1872 1166 1913 pro-

704 1927 829 1969 xima
868 1934 949 1981 est,
999 1934 1046 1970 et
1092 1943 1166 1971 ex-

704 1997 811 2040 inde
862 2005 1049 2043 mutuat
1101 2001 1166 2042 lu-

704 2084 832 2124 men3
872 2069 1060 2113 tertium
1106 2072 1163 2114 ab

703 2140 838 2182 stella
855 2139 1028 2196 Martis,
1045 2156 1163 2197 quae

704 2225 868 2267 vesper
885 2218 1094 2267 vocatur3
1125 2216 1161 2255 3.

704 2288 922 2338 quartum
963 2297 990 2324 a
1028 2284 1163 2326 stella

734 2352 961 2407 Mercurii,
993 2368 1133 2410 quam

706 2421 894 2479 quidam
913 2424 1160 2467 candidum

704 2493 926 2537 circulum
979 2493 1162 2548 dicunt,-

1241 582 1310 622 Io.
1337 582 1493 626 Laur.
1518 581 1644 635 Lyd.
1676 581 1731 623 de

1277 665 1422 694 mens.
1459 653 1504 693 ΙΙ
1539 655 1563 692 4
1597 667 1695 707 sqq.

1240 722 1301 777 (p.
1349 724 1398 763 21
1462 722 1730 777 Wuensch).

1291 794 1385 835 ”()τι
1403 795 1443 835 οἱ
1460 794 1561 847 περὶ
1582 794 1731 847 Ζωρο-

1241 865 1402 918 άστρην
1463 863 1537 906 καὶ
1589 859 1730 905 ‘Yam-

1242 951 1362 989 σπην
1406 935 1617 977 Χαλδαῖοι
1659 934 1731 977 καὶ

1240 1006 1468 1062 Αἰγύπτιοι
1520 1006 1603 1046 ἀπὸ
1661 1011 1732 1047 τοῦ

1241 1078 1426 1132 ἀριθμοῦ
1447 1080 1531 1117 τῶν
1548 1077 1732 1131 (Ξπλανή-

1239 1164 1328 1188 των
1359 1146 1403 1190 ἐν
1431 1148 1636 1202 ἑβδομάὸι
1663 1148 1734 1193 τὰς

1240 1217 1403 1272 ἡμέρας
1420 1219 1633 1273 ἀνέλαβον.
1660 1218 1733 1260 καὶ

1240 1289 1312 1343 τὴν
1332 1290 1409 1343 μὲν
1428 1291 1607 1345 πρώτην
1629 1289 1731 1344 ἡμέ-

1241 1377 1320 1415 ραν
1331 1362 1431 1414 μίαν
1448 1361 1494 1401 ἐκ
1514 1365 1585 1415 τῆς
1600 1362 1731 1414 μονά-

1242 1433 1316 1482 δος
1335 1465 1341 1472 .
1361 1465 1370 1473 .
1394 1465 1400 1472 .
1424 1432 1671 1486 ἀναφέρεται
1690 1432 1733 1473 δὲ

1240 1505 1264 1557 ἡ
1288 1503 1420 1557 μονὰς
1442 1504 1497 1548 εἰς
1514 1496 1730 1544 Ἁπόλλω-

1243 1590 1302 1621 να,
1334 1572 1547 1616 τουτέστιν
1572 1571 1632 1618 εἷς
1663 1573 1733 1614 τὸν

1239 1647 1311 1686 ἕνα
1329 1639 1490 1691 ἽῙλιον,
1520 1646 1566 1690 ὃς
1587 1637 1731 1684 Ἁπόλ-

1238 1717 1322 1757 λων
1339 1717 1493 1769 λέγεται
1512 1716 1577 1756 διὰ
1594 1715 1639 1755 τὸ
1658 1716 1732 1755 (Ἰπ-

1241 1791 1358 1829 ωθεν
1390 1782 1496 1829 εἶναι
1525 1790 1609 1827 τῶν
1630 1787 1730 1828 πολ-

1238 1859 1333 1900 λῶν.
1367 1858 1437 1899 καὶ
1458 1851 1664 1911 ζΡωμαῖοι
1687 1858 1731 1897 δὲ

1239 1928 1364 1970 αὐτὸν
1378 1929 1524 1982 Σόλεμ
1546 1930 1635 1982 ἤτοι
1656 1929 1730 1981 μό-

1240 2016 1310 2041 νον
1341 2000 1518 2053 λέγουσι.

1298 2071 1394 2111 117
1418 2084 1458 2125 p.
1489 2073 1543 2112 23
1576 2071 1653 2124 τὴν
1686 2071 1730 2110 δὲ

1239 2142 1435 2195 δευτέραν
1472 2142 1633 2196 ἡμέραν
1676 2146 1729 2194 τῇ

1239 2213 1395 2266 Σελήνῃ
1432 2214 1647 2269 φαίνονται
1688 2209 1729 2253 οἱ

1236 2284 1405 2337 φυσικοὶ
1466 2283 1729 2337 ἀναγράφον-

1235 2372 1299 2401 τες

1296 2426 1341 2466 II
1368 2428 1391 2466 8
1420 2439 1459 2480 p.
1492 2427 1545 2466 25
1578 2425 1650 2479 τὴν
1684 2425 1728 2465 δὲ

1235 2498 1369 2551 τρίτην
1422 2497 1584 2550 ἡμέραν
1636 2497 1726 2537 ἀνέ-

317 2623 345 2667 ¹)
372 2623 524 2658 eandem
549 2623 747 2660 doctrinam
779 2624 935 2660 Isidorus
968 2625 1075 2661 etiam
1102 2627 1136 2660 in
1164 2627 1277 2672 orgin.
1305 2626 1337 2661 V
1363 2626 1419 2667 30,
1446 2625 1538 2661 5-7
1567 2627 1725 2671 praebet,

173 2681 219 2716 de
250 2683 386 2716 ratione
419 2683 509 2717 inter
535 2682 696 2718 libellum
723 2683 768 2718 de
801 2686 924 2718 natura
956 2693 1072 2719 rerum
1099 2687 1134 2720 et
1160 2686 1320 2731 origines
1346 2685 1588 2721 intercedente
1614 2687 1656 2721 cf.
1684 2687 1725 2722 Α.

173 2739 327 2782 Schenk,
354 2740 400 2775 de
426 2740 546 2776 Isidori
566 2741 791 2787 Hispalensis
817 2742 862 2777 de
888 2745 1010 2778 natura
1040 2753 1156 2779 rerum
1183 2744 1292 2779 libelli
1320 2744 1490 2787 fontibus,
1517 2745 1602 2781 diss.
1624 2745 1727 2781 lenae

178 2798 267 2834 1909
293 2809 326 2844 p.
346 2800 366 2834 7
387 2809 465 2844 sqq.
