2001 3099
803 131 1093 170 -79-

173 272 353 327 legerit,
394 271 615 314 concedet
656 270 866 326 eclogam
909 269 1163 313 nonnullas
1204 267 1506 311 difficultates
1545 266 1718 310 habere

175 343 341 386 titulus
373 357 465 384 non
500 341 586 384 nisi
621 342 668 383 in
705 340 975 384 universum
1010 354 1267 396 congruere
1300 339 1485 382 videtur
1518 353 1623 382 cum
1647 340 1728 393 eis,

176 428 292 469 quae
324 420 462 469 poeta
494 412 705 455 versibus
744 412 976 468 exprimit.
1025 411 1224 467 primum
1261 409 1384 452 enim
1417 426 1460 454 v.
1497 414 1541 452 11
1581 417 1628 453 et
1665 413 1728 464 12,

176 484 253 541 qui
293 491 402 527 sunt
441 484 498 526 de
536 482 748 526 solstitiis
789 489 835 525 et
871 481 1188 538 aequinoctiiS,
1229 481 1285 523 ad
1319 481 1456 524 ferias
1492 484 1726 526 Romanas

176 569 269 598 non
289 554 534 612 pertinent.
552 569 686 610 porro
702 554 825 610 quod
844 551 1079 595 Ausonius
1097 552 1188 595 iarn
1207 567 1247 595 v.
1270 555 1285 593 1
1308 566 1402 594 non
1418 553 1475 595 de
1492 553 1627 608 feriis,
1645 555 1725 597 sed

177 627 233 668 de
276 626 398 668 ludis
438 624 784 681 Apollinaribus
828 624 941 680 agit,
984 624 1072 666 hoc
1111 638 1164 666 eo
1203 622 1460 679 expeditur,
1504 625 1625 681 quod
1667 626 1728 668 fe-

178 697 348 739 riarum
388 703 433 739 et
471 697 687 739 ludorum
726 695 848 751 apud
890 697 1126 738 Romanos
1165 693 1439 749 differentia,
1485 709 1604 752 quae
1642 697 1730 753 pri-

180 768 322 810 mitus
355 767 454 821 fuit,
489 767 613 823 apud
645 765 913 823 posterioris
947 765 1049 810 aevi
1073 765 1319 822 scriptores
1341 764 1541 820 ignorari
1566 774 1729 823 coepta

180 845 259 881 cst.
307 839 511 880 maxime
556 852 666 881 vero
709 836 932 880 miramur
976 837 1112 880 ferias
1152 835 1200 878 in
1244 836 1331 879 hac
1368 837 1531 894 ecloga
1569 845 1729 882 contra

180 908 579 966 exspectationem
634 923 784 965 neque
836 923 919 965 per
971 915 1181 964 tempora
1233 906 1261 950 i.
1301 922 1336 951 e.
1389 922 1471 965 per
1517 909 1729 965 singulos

179 995 374 1035 menses,
418 986 557 1036 prout
600 995 723 1022 anno
764 985 976 1022 vertente
1017 979 1292 1034 agebantur,
1337 993 1489 1036 neque
1530 995 1612 1037 per
1654 996 1731 1037 ge-

181 1066 291 1094 nera
335 1066 433 1093 esse
481 1050 717 1093 ordinatas
767 1049 923 1093 videri.
985 1056 1138 1092 tamen
1184 1048 1402 1106 reliquias
1442 1051 1592 1094 bonae
1629 1052 1732 1095 doc-

183 1122 331 1164 trinae
374 1121 421 1163 in
464 1122 551 1164 hac
589 1122 751 1177 ecloga
789 1120 942 1164 inesse
981 1135 1065 1164 nos
1103 1135 1198 1163 non
1234 1119 1372 1177 fugit.
1418 1136 1569 1179 neque
1608 1123 1731 1166 enim

183 1194 332 1235 solum
376 1199 513 1248 poeta
558 1191 633 1235 hic
670 1191 862 1235 nomina
900 1190 1118 1235 feriarum
1159 1194 1489 1248 Romanarum,
1534 1207 1652 1250 quae
1691 1194 1731 1237 ei

184 1261 623 1306 commemoratione
655 1263 960 1319 dignissimae
993 1277 1094 1306 esse
1116 1263 1407 1318 videbantur,
1440 1264 1734 1309 enumeravit

184 1342 231 1378 et
271 1334 440 1389 docuit,
485 1348 575 1390 quo
615 1341 832 1390 tempore,
878 1348 969 1391 quo
1006 1334 1107 1377 loco
1145 1334 1208 1391 (v.
1236 1337 1271 1378 1.
1297 1337 1366 1379 25.
1390 1338 1459 1379 33.
1484 1339 1554 1389 34)
1592 1336 1733 1379 feriae

185 1414 447 1461 agerentur,
480 1405 559 1448 sed
584 1405 725 1448 etiam
747 1419 1101 1461 nonnumquam
1125 1405 1355 1461 originem
1389 1406 1438 1463 (v
1481 1410 1544 1451 10.
1571 1410 1635 1451 21.
1659 1411 1733 1461 22)

186 1484 231 1520 et
269 1475 511 1519 historiam
544 1475 760 1519 feriarum
796 1479 858 1529 (v.
883 1479 951 1518 27.
976 1478 1044 1518 28.
1069 1479 1262 1530 33—36)
1295 1476 1532 1522 indicavit.
1573 1493 1733 1535 quam-

186 1562 325 1604 quam
364 1564 400 1591 v.
431 1551 481 1589 10
515 1546 901 1590 consuetudinem
935 1553 1119 1590 tantum
1149 1554 1386 1602 memorat,
1420 1564 1477 1591 ex
1501 1564 1593 1606 qua
1615 1550 1737 1607 apud

189 1621 426 1661 Romanos
475 1617 672 1660 ancillae
719 1616 869 1660 Nonis
910 1617 1171 1673 Caprotinis
1218 1625 1536 1663 matronarum
1582 1627 1738 1677 partes

188 1689 405 1746 agebant,
454 1695 610 1732 tamen
657 1687 859 1745 suspicio
908 1695 979 1731 est
1025 1702 1132 1731 eum
1170 1689 1376 1733 alludere
1414 1691 1473 1734 ad
1510 1691 1638 1735 illam
1678 1693 1740 1735 fa-

188 1760 357 1814 bulam,
397 1774 488 1816 qua
522 1758 722 1802 Romani
761 1758 991 1816 originem
1026 1761 1270 1804 Nonarum
1303 1760 1658 1818 Caprotinarum
1691 1762 1738 1806 in

190 1831 392 1875 tenebris
425 1831 655 1874 iacentem
669 1834 696 1883 ¹)
729 1831 978 1888 explanare
1010 1830 1164 1875 conati
1197 1838 1321 1877 sunt.
1354 1833 1568 1887 fabula2),
1601 1849 1739 1891 quam

191 1902 451 1945 Macrobius
475 1903 573 1947 Sat.
593 1904 613 1944 Ι
634 1905 697 1957 11,
716 1905 770 1945 36
791 1917 901 1959 sqq.,
927 1903 1203 1946 Plutarchus
1228 1905 1360 1947 Rom.
1380 1907 1434 1947 29
1459 1910 1505 1948 et
1528 1905 1653 1950 Cam.
1673 1909 1740 1960 33,

191 1973 269 2016 alii
290 1974 540 2016 memoriae
568 1973 887 2030 prodiderunt,
920 1979 990 2017 est
1011 1974 1145 2017 haec:
1180 1988 1285 2017 cum
1309 1975 1435 2019 Galli
1459 1977 1610 2019 Roma
1643 1977 1741 2020 abs—

192 2044 450 2099 cessissent,
498 2043 691 2091 Latinos
742 2044 980 2088 Postumio
1028 2045 1165 2092 Livio
1212 2046 1329 2089 duce
1373 2054 1532 2090 contra
1579 2048 1740 2090 urbem

194 2118 393 2159 Romam
433 2130 533 2159 esse
565 2116 797 2172 profectos
830 2122 877 2159 et
909 2130 990 2172 per
1021 2117 1204 2173 legatos
1237 2117 1293 2160 ad
1327 2124 1541 2161 senatum
1575 2118 1741 2161 missos

193 2185 515 2243 postulavisse,
554 2193 607 2230 ut
640 2187 841 2230 Romani
881 2186 968 2230 sibi
1006 2187 1080 2230 ius
1119 2186 1305 2231 conubii
1344 2189 1651 2232 concederent
1688 2189 1743 2233 si-

192 2258 383 2313 mulque
414 2256 623 2313 virgines
657 2264 704 2301 et
735 2258 903 2302 viduas
942 2258 1190 2303 traderent.
1231 2265 1331 2302 tum
1370 2259 1581 2315 patribus
1613 2259 1744 2316 igno-

193 2327 415 2383 rantibus,
448 2326 557 2384 quid
592 2335 714 2371 esset
745 2329 1021 2385 faciendum,
1054 2329 1269 2373 ancillam
1302 2330 1491 2373 nomine
1522 2331 1743 2374 Tutelam

195 2414 276 2442 seu
318 2399 535 2442 Philotim
584 2415 683 2443 esse
727 2401 982 2457 pollicitam
1027 2416 1076 2445 se
1122 2408 1391 2458 ceterasque
1429 2403 1619 2446 ancillas
1656 2404 1743 2447 sub

341 2542 368 2585 ¹)
394 2542 437 2577 cf.
466 2541 509 2576 G.
529 2541 715 2584 Wissowa‚
749 2543 914 2589 Religion
950 2544 1023 2579 und
1051 2544 1182 2582 Kultus
1213 2545 1276 2580 der
1308 2544 1436 2584 Romer
1465 2554 1498 2590 p.
1529 2544 1610 2587 184;
1649 2545 1744 2581 idem

198 2601 292 2646 apud
318 2600 623 2645 Pauly-wissowa
650 2600 692 2635 111
712 2611 744 2646 p.
767 2601 866 2637 1552.

339 2660 368 2702 2)
395 2660 502 2695 huius
527 2659 670 2695 fabulae
692 2660 828 2695 fontem
859 2661 970 2697 fuisse
988 2661 1145 2697 fabulam
1175 2663 1394 2707 praetextam
1424 2663 1616 2707 quandam,
1644 2665 1745 2699 cuius

197 2718 308 2753 Varro
338 2718 384 2753 de
415 2719 436 2753 l.
464 2719 485 2753 l.
515 2718 561 2753 Vl
590 2719 632 2754 18
664 2720 885 2755 mentionem
919 2721 1012 2763 fecit,
1045 2721 1087 2757 G.
1107 2721 1284 2757 Wissowa
1314 2722 1409 2766 apud
1441 2721 1746 2767 Pauly-wissowa

198 2776 240 2811 111
258 2787 292 2822 p.
314 2776 403 2813 1552
430 2778 504 2813 iure
530 2779 678 2813 monuit.
