2001 3099
873 145 1162 184 *59-

244 287 426 331 Lunam
467 282 553 326 soli
584 283 841 340 proximam
879 283 1093 340 appellat.
1156 283 1356 339 denique
1395 283 1630 325 Ausonius
1669 284 1791 324 Iovzs

242 370 380 397 aurea
409 355 561 397 sidem
600 352 727 407 dicit;
768 368 923 397 nonne
961 353 1034 396 his
1066 352 1220 397 verbis
1254 353 1310 396 ad
1344 368 1511 396 nomen
1546 354 1790 407 Graecum,

243 425 365 482 quod
411 425 616 468 Isidorus
662 423 814 480 tradit,
859 424 1051 468 alludit?
1118 431 1258 481 atque
1303 424 1487 467 easdem
1534 424 1790 467 sententias

242 496 382 540 etiam
415 496 539 552 apud
562 498 784 540 Ioannem
807 496 1083 549 invenimus,
1116 496 1195 551 qui
1218 498 1391 549 Iovem,
1423 509 1561 551 quem
1585 494 1789 538 Isidorus

240 567 482 610 luciferum
520 569 735 624 appellat,
778 569 1020 622 φωσφόρον
1059 566 1182 621 dicit,
1229 574 1275 608 et
1314 565 1485 621 pariter
1523 573 1663 622 atque
1702 568 1790 608 Au-

241 637 399 681 sonius
438 645 484 681 et
522 639 725 681 Isidorus
760 640 1028 693 Saturnum,
1067 637 1140 680 cui
1181 635 1407 692 septimus
1452 637 1548 679 dies
1594 638 1654 679 sit
1687 652 1789 679 con-

240 715 457 764 secratus,
480 709 600 752 inter
622 710 777 752 omnia
800 708 950 752 sidera
972 708 1245 764 longissime
1268 708 1430 750 abesse
1454 723 1480 750 a
1503 715 1622 750 terra
1645 708 1789 751 docet.

240 794 356 836 quae
389 794 494 823 cum
527 781 593 823 ita
624 781 730 835 sint,
763 780 958 823 dubium
992 794 1083 822 non
1118 787 1198 833 est,
1232 779 1343 835 quin
1376 777 1423 820 hi
1448 786 1539 821 tres
1563 780 1621 821 ad
1643 793 1789 821 unum

239 851 529 908 eundemque
574 858 808 894 auctorem
860 851 1076 894 ultimum
1127 849 1221 892 sint
1263 849 1501 892 referendi.
1576 849 1789 894 Suetonii

239 928 397 965 autem
439 922 609 965 librum
653 923 709 965 de
752 937 874 965 anno
915 924 1234 964 Romanorum
1272 921 1450 963 fontem
1494 935 1788 964 communem

237 993 378 1035 fuisse
401 993 492 1035 iam
515 992 619 1036 ideo
642 992 738 1037 veri
762 1001 832 1036 est
854 993 1018 1043 simile,
1043 993 1177 1049 quod,
1201 999 1253 1035 ut
1272 990 1534 1034 Fridericus
1553 992 1789 1043 Bluhn1e1)

238 1063 464 1120 exposuit,
496 1063 683 1107 Ioannis
706 1063 877 1120 placita
896 1064 953 1106 ad
972 1078 1146 1106 annum
1168 1066 1484 1106 Romanorum
1508 1062 1789 1119 pertinentia

236 1150 263 1177 a
293 1135 518 1178 Suetonio
551 1133 781 1191 originem
813 1135 1003 1189 ducunt,
1044 1142 1090 1177 et
1128 1141 1198 1177 est
1238 1132 1371 1177 facile
1405 1134 1461 1176 ad
1496 1134 1789 1187 credendum,

237 1206 359 1262 quod
404 1206 715 1263 septimanam
760 1206 883 1262 apud
931 1208 1167 1248 Romanos
1214 1221 1270 1247 ex
1308 1211 1461 1248 aetate
1495 1203 1701 1261 Augusti
1740 1202 1787 1247 in

236 1290 372 1318 usum
404 1275 562 1319 venire
595 1275 801 1333 coepisse
835 1284 881 1320 et
913 1277 1062 1333 primo
1085 1291 1127 1333 p.
1154 1276 1256 1320 Chr.
1280 1291 1322 1319 11.
1353 1276 1538 1319 saeculo
1560 1275 1789 1319 invetera-

235 1346 357 1390 visse
390 1347 561 1390 scimus
577 1350 620 1404 ²).
684 1348 836 1390 omnis
869 1363 978 1391 vero
1012 1347 1243 1390 dubitatio
1275 1347 1332 1389 de
1365 1348 1493 1389 fonte
1527 1347 1716 1401 tollitur,
1750 1346 1787 1389 si

235 1419 290 1460 ad
326 1425 572 1474 sequentes
607 1420 791 1475 eclogas
824 1421 868 1461 X
897 1425 943 1461 et
972 1420 1039 1460 X1
1074 1420 1136 1474 (p.
1161 1421 1214 1459 98
1239 1433 1302 1474 sq.
1328 1420 1399 1470 R),
1432 1418 1600 1474 quibus
1634 1425 1789 1472 etyma

233 1488 465 1531 mensium
498 1496 544 1531 et
575 1488 780 1544 origines
814 1489 1118 1545 explicantur,
1151 1488 1427 1531 accedimus.
1473 1489 1553 1531 sed
1588 1503 1691 1530 cum
1716 1488 1788 1531 his

235 1560 409 1615 eclogis
458 1559 590 1602 nobis
639 1559 774 1603 simul
823 1559 1112 1616 respicienda
1156 1566 1267 1602 sunt
1314 1560 1539 1602 nonnulla
1586 1560 1788 1602 carmina

234 1631 549 1687 Anthologiae
587 1646 705 1687 quae
744 1630 834 1673 dici
867 1631 987 1673 solet
1024 1631 1208 1684 latinae,
1248 1645 1366 1687 quae
1405 1631 1618 1673 similiter
1651 1638 1790 1685 atque

235 1702 423 1757 eclogae
456 1701 651 1744 Ausonii
693 1702 751 1744 ad
789 1703 934 1744 fastos
976 1704 1212 1744 Romanos
1251 1701 1498 1757 pertinent.
1562 1700 1789 1757 imprimis

234 1787 418 1815 carmen
453 1773 642 1815 Anthol.
677 1773 751 1815 lat.
786 1775 869 1815 665
903 1773 991 1829 (ed.
1026 1771 1210 1828 Riese2)
1244 1786 1348 1814 cum
1373 1772 1446 1814 his
1470 1772 1651 1814 duabus
1675 1773 1790 1815 eclo-

234 1843 306 1898 gis
345 1843 612 1898 argumenti
652 1843 883 1887 affinitate
922 1843 1155 1886 artissima
1195 1850 1265 1885 est
1305 1843 1564 1898 coniuncta,
1611 1850 1664 1886 ut
1707 1850 1789 1886 aut

233 1914 348 1956 alter
389 1921 527 1970 poeta
565 1915 622 1957 ab
661 1915 806 1958 altero
845 1915 1047 1971 pendere
1088 1921 1171 1957 aut
1211 1920 1405 1971 uterque
1446 1915 1646 1957 eundem
1687 1929 1790 1957 auc-

241 1990 387 2027 torem
419 1984 551 2042 sequi
585 1984 825 2029 videatur:

413 2116 595 2158 Auson
629 2116 707 2158 ecl.
741 2118 786 2158 X
1047 2130 1262 2158 carmen
1295 2116 1517 2160 Anthol.
1556 2116 1644 2158 lat.
1680 2118 1789 2157 665·

232 2197 421 2239 Primus
453 2199 690 2241 Romanas
722 2199 898 2253 ordiris,
1045 2181 1245 2250 Primus,
1278 2201 1403 2246 lanc,
1439 2197 1521 2241 tibi
1551 2205 1759 2241 sacratur

589 2271 702 2312 Iane
733 2270 969 2314 kalendas.
1378 2269 1568 2313 nomine
1600 2268 1787 2323 mensis,

291 2339 474 2382 Februa
486 2338 640 2383 vicino
650 2343 972 2384 menseNuma
1107 2341 1328 2398 Undique
1341 2340 1414 2384 cui
1431 2347 1788 2396 sempercuncta

697 2411 913 2455 instituit.
1415 2411 1572 2455 videre
1606 2411 1726 2454 licet.

235 2481 429 2523 Martius
462 2480 642 2538 antiqui
675 2481 925 2538 primordia
1048 2484 1326 2528 Umbrarum
1361 2489 1431 2525 est
1463 2483 1589 2536 alter,
1623 2497 1713 2538 quo

620 2551 817 2609 protulit
848 2553 971 2596 anni.
1194 2569 1354 2597 mense
1387 2560 1579 2611 putatur
1612 2554 1787 2597 honore

375 2677 398 2721 ¹)
428 2676 482 2711 Dc
509 2676 651 2712 Ioannis
672 2678 847 2713 Laurentii
869 2678 957 2723 Lydi
985 2679 1082 2714 libris
1107 2676 1200 2727 περὶ
1230 2679 1378 2728 μηνῶν
1409 2679 1702 2716 observationum
1734 2691 1788 2716 ca-

230 2737 302 2779 pita
333 2736 417 2778 duo,
445 2736 529 2771 diss.
558 2736 659 2771 Halis
685 2737 867 2773 Saxonum
898 2737 988 2773 1906
1015 2749 1046 2783 p.
1067 2739 1112 2774 84
1131 2749 1210 2783 sqq.

374 2795 400 2839 2)
428 2795 470 2829 cf.
490 2795 569 2830 Boll
597 2796 692 2840 apud
718 2796 1025 2841 Pauly-wissowa
1052 2807 1080 2832 s.
1099 2807 1132 2832 v.
1152 2798 1353 2833 hebdomas
1373 2798 1432 2833 VII
1453 2798 1546 2834 2573
1563 2809 1616 2844 sq.
