2001 3099
790 171 1081 211 -57.-

165 326 190 353 a
223 309 425 354 numeris
458 324 558 352 esse
590 310 848 366 appellatos
888 309 954 353 ita
993 309 1192 366 quidem,
1240 316 1293 353 ut
1324 311 1560 355 Ausonius
1593 311 1713 354 hanc

164 381 518 438 explicationem
552 380 684 437 quasi
717 381 764 423 in
800 387 1020 438 tempore,
1054 380 1189 425 sicuti
1223 396 1295 425 res
1327 381 1429 439 ipsa
1451 396 1555 426 eum
1582 398 1715 439 coge-

164 453 253 507 bat,
299 452 511 508 proferat,
559 465 664 494 curn
699 451 962 495 Macrobius
1004 466 1106 495 eam
1145 453 1238 496 iam
1287 452 1335 495 in
1376 455 1524 497 Marte
1561 454 1715 510 expla-

163 523 316 565 nando
331 522 560 578 praebeat.
593 521 764 579 itaque,
783 537 842 565 ne
861 523 1034 579 longus
1052 523 1152 578 sim,
1171 522 1366 567 dubium
1385 537 1479 567 non
1499 531 1581 580 est,
1601 525 1711 581 quin

163 591 398 636 Ausonius
429 592 477 636 in
510 592 582 636 his
605 593 779 649 eclogis
802 594 1138 651 componendis
1161 594 1360 639 eundem
1383 594 1553 638 librum
1574 603 1714 653 atque

163 664 424 707 Macrobius
448 662 624 719 adierit,
658 664 853 708 Suetoni
876 664 1094 709 videlicet
1113 664 1283 709 librum
1317 666 1374 710 de
1397 680 1521 710 anno
1545 668 1713 710 Roma-

162 749 338 779 norum.
402 749 553 792 neque
584 749 694 779 vero
727 736 987 793 complures
1026 735 1104 779 alii
1137 735 1384 793 scriptores
1417 744 1528 780 sunt
1558 739 1714 794 negle-

161 806 315 862 gendi,
348 805 427 863 qui
451 806 612 849 eadem
635 807 709 850 vel
731 805 900 850 similia
922 806 1153 850 mensium
1180 806 1436 864 veriloquia
1464 808 1714 851 memoriae

161 876 475 933 prodiderunt,
507 878 818 934 Augustinus,
851 877 1043 922 Servius
1066 877 1265 935 Vergilii
1298 877 1539 935 interpres,
1573 879 1713 922 Placi-

160 948 246 991 dus
278 948 661 1005 glossographus,
696 949 901 992 Isidorus
926 948 1233 1005 Hispalensis.
1268 956 1314 993 et
1345 949 1548 1006 primum
1580 951 1714 994 nobis

161 1018 247 1062 erit
278 1018 538 1074 dicendum,
577 1033 695 1076 quae
736 1020 855 1063 ratio
886 1019 1009 1064 inter
1040 1034 1119 1063 eos
1151 1019 1276 1076 ipsos
1309 1020 1579 1077 intercedat,
1613 1028 1712 1064 tum

160 1089 246 1133 erit
278 1090 606 1146 quaerendum,
638 1098 871 1147 quatenus
909 1105 934 1133 e
966 1090 1193 1136 Suetonio
1230 1092 1479 1149 pendeant.
1542 1093 1622 1136 sed
1661 1099 1713 1135 ut

159 1161 258 1217 ipse
289 1161 516 1204 rationem
549 1176 701 1205 meam
735 1161 987 1217 examines,
1019 1163 1179 1206 videas
1211 1163 1296 1205 has
1330 1164 1534 1208 tabulas:

1566 2879 1611 2913 5*
