2001 3099
841 142 893 146 --
958 119 1124 157 39ᾑ

219 273 450 302 recensere
496 256 706 309 voluerit,
753 257 902 299 multa
947 256 1330 312 philosophorum
1372 256 1594 312 mysteria
1632 255 1760 298 brevi

215 329 411 373 lectione
444 330 719 384 cognoscet.’
768 342 791 370 e
825 342 916 383 quo
949 328 1050 369 loco
1084 334 1277 383 apparet
1310 325 1615 369 Censorinum
1649 342 1681 369 c.
1711 329 1759 368 13

215 399 424 443 hausisse
476 414 499 441 e
548 397 766 441 Varronis
819 397 1169 453 disciplinarum
1220 396 1337 439 libro
1390 398 1446 438 de
1495 397 1761 452 geometria.

216 469 531 514 Cassiodorius
570 469 791 513 Varronis
830 468 1097 524 disciplinas
1136 468 1310 524 optime
1349 474 1553 521 noverat,
1592 468 1763 524 quippe

214 541 380 597 quibus
413 541 458 582 in
495 540 818 596 componendo
851 554 989 595 opere
1022 553 1106 582 suo
1139 545 1357 581 uteretur.
1421 538 1508 581 hoc
1541 537 1639 594 ipse
1672 540 1696 581 l.
1728 554 1761 581 c.

214 626 307 668 cap.
332 613 416 666 ΠΙ,
450 612 572 667 quod
606 617 675 654 est
707 611 764 653 de
793 610 1036 653 dialectica
1050 610 1093 666 ¹),
1126 609 1322 652 indicat:
1362 613 1385 651 ⁴.
1407 644 1416 652 .
1439 644 1446 652 .
1471 608 1760 652 dialecticam

214 697 323 726 vero
341 689 387 725 et
403 681 681 725 rhetoricam
705 684 852 726 Varro
875 683 922 723 in
946 695 1116 724 novem
1142 679 1506 737 Disciplinarum
1530 679 1658 723 libris
1683 680 1763 723 tali

213 752 519 796 similitudine
551 753 768 796 definivit
808 787 815 794 .
856 788 862 795 .
903 755 933 795 .’.
998 751 1139 795 etiarn
1184 751 1336 806 verba,
1381 751 1550 808 quibus
1589 750 1765 794 Cassio-

213 824 369 867 dorius
401 825 427 867 1.
453 839 489 866 c.
514 838 607 880 cap.
629 828 664 878 7,
698 825 819 880 quod
854 830 923 866 est
947 824 1003 866 de
1027 822 1321 877 astronomia,
1356 829 1425 866 est
1447 836 1560 865 usus
1572 824 1617 878 2),
1652 822 1764 864 satis

214 896 530 939 demonstrare
569 895 682 937 mihi
723 895 942 938 videntur
981 908 1088 936 eum
1120 893 1343 938 Varronis
1379 894 1686 949 geometriam
1720 899 1766 936 et

214 965 514 1022 astrologiam
547 965 820 1022 inspexisse.
873 979 1009 1023 porro
1043 979 1149 1007 eurn
1172 963 1396 1008 Varronis
1431 964 1658 1007 Musicani
1691 979 1765 1006 ex-

215 1036 438 1094 cerpsisse
456 1038 508 1082 E.
530 1038 740 1093 Holzer3)
762 1037 1021 1079 luculenter
1038 1035 1254 1079 ostendit.
1289 1042 1429 1091 atque
1446 1034 1570 1078 idem
1590 1035 1767 1078 Cassio-

215 1110 369 1151 dorius
388 1114 582 1151 noverat
599 1115 813 1151 accurate
832 1107 1151 1161 Censorinum,
1175 1106 1306 1149 cuius
1328 1106 1499 1150 librum
1521 1107 1589 1149 ‘de
1611 1121 1768 1149 accen-

215 1181 351 1223 tibus'
386 1178 640 1222 coenobitis
670 1179 766 1222 suis
789 1177 1089 1235 descripsit4),
1122 1177 1387 1234 librumque
1420 1179 1489 1220 ‘de
1513 1178 1587 1221 die
1610 1178 1766 1221 natali‘

216 1251 379 1294 iisdem
414 1265 589 1307 magno
622 1249 777 1293 studio
810 1250 1064 1306 legendum
1099 1248 1504 1305 commendavit5).
1551 1248 1616 1292 ita
1637 1248 1767 1302 vidit,

216 1322 287 1365 cui
312 1320 593 1365 Censorinus
626 1320 887 1364 doctrinam
919 1320 967 1363 in
1001 1321 1089 1363 hoc
1122 1319 1273 1377 capite
1304 1320 1534 1377 prolatam
1566 1320 1766 1363 deberet.

216 1393 336 1450 quod
377 1400 534 1436 autem
568 1392 850 1435 Censorinus
884 1392 960 1434 hic
993 1407 1016 1434 e
1050 1390 1272 1435 Varronis
1307 1390 1565 1447 geometria
1597 1391 1767 1445 hausit,

214 1465 306 1507 iam
361 1464 534 1520 optime
586 1461 918 1519 intellegimus,
973 1477 1051 1505 cur
1099 1478 1135 1505 c.
1184 1466 1233 1505 13
1284 1462 1341 1504 de
1391 1463 1541 1505 stadio
1590 1462 1767 1516 Italico,

217 1535 473 1591 Olympico,
498 1534 690 1589 Pythico
713 1534 977 1588 doceamur3
1001 1534 1057 1576 de
1080 1534 1151 1576 his
1175 1534 1299 1576 enim
1322 1534 1551 1576 mensuris
1569 1532 1767 1577 Varroni

217 1606 262 1648 in
305 1604 574 1649 Geometria
613 1611 712 1648 erat
749 1603 1017 1659 dicendum;
1060 1604 1380 1661 intellegimus
1415 1619 1447 1647 c.
1477 1608 1526 1647 13
1562 1611 1769 1647 extremo

217 1678 371 1720 verba:
407 1677 499 1719 ‘sed
532 1675 604 1719 his
637 1676 852 1718 omnibus
883 1675 1116 1719 subtiliter
1149 1675 1403 1719 tractandis
1426 1674 1502 1718 hic
1524 1676 1652 1718 locus
1675 1690 1767 1718 non

218 1755 304 1800 est3
338 1762 455 1804 quae
488 1747 526 1790 si
561 1748 728 1791 vellem
761 1747 808 1789 in
842 1761 990 1790 unum
1022 1747 1191 1790 librum
1225 1747 1475 1803 separatim
1508 1762 1768 1803 congerere,

218 1827 374 1862 tamen
413 1818 460 1861 in
501 1817 733 1875 angustiis
773 1821 1001 1862 versarer?
1064 1819 1269 1875 profecto
1301 1817 1348 1861 in
1383 1818 1605 1862 Varronis
1638 1818 1769 1861 disci»

217 1892 449 1948 plinarum
483 1891 601 1933 libro
635 1890 783 1933 multo
816 1891 948 1947 plura
981 1891 1037 1933 de
1070 1889 1144 1933 his
1177 1890 1314 1933 rebus
1348 1896 1481 1933 erant
1512 1890 1650 1933 dicta.

364 2060 386 2102 ¹)
413 2068 446 2103 p.
476 2057 566 2092 1168
591 2057 726 2102 Migne.

361 2118 387 2161 2)
421 2127 453 2161 p.
484 2116 574 2151 1217
606 2116 755 2162 Migne:
788 2117 882 2151 ‘nam
915 2120 949 2151 ct
974 2116 1085 2152 Varro
1118 2116 1207 2151 libro
1240 2126 1348 2161 quern
1381 2116 1427 2151 de
1464 2118 1657 2163 astrologia
1690 2129 1771 2153 con-

219 2178 368 2222 scripsit,
402 2176 541 2211 stellam
575 2176 831 2211 commemorat
857 2176 900 2210 ab
927 2176 1056 2211 stando
1087 2176 1247 2217 dictam';
1275 2186 1308 2220 p.
1332 2175 1437 2211 1218:
1464 2177 1598 2211 ‘mundi
1626 2188 1772 2221 quoque

218 2237 368 2282 liguram
404 2237 665 2271 curiosissimus
700 2235 811 2270 Varro
848 2235 977 2279 longae
1013 2235 1218 2271 rotunditati
1255 2237 1289 2270 in
1326 2235 1553 2271 Geometriae
1589 2237 1773 2272 volumine

219 2296 460 2340 comparamus

363 2355 393 2399 ³)
420 2355 440 2389 l.
460 2365 487 2389 c.
509 2365 540 2399 p.
566 2355 617 2389 il.

363 2415 390 2456 ⁴)
418 2414 438 2448 l.
454 2424 482 2449 c.
502 2424 577 2458 cap.
590 2413 622 2448 V
637 2413 681 2449 de
697 2416 830 2449 musica
850 2424 881 2458 p.
899 2414 984 2448 1212
999 2413 1140 2458 Migne:
1157 2413 1388 2449 ‘Censorinus
1403 2423 1549 2458 quoque
1564 2414 1608 2448 de
1623 2415 1773 2450 accenti-

219 2474 287 2509 bus
324 2475 404 2509 voci
444 2476 585 2508 nostrae
623 2474 880 2508 adnecessariis
918 2473 1093 2508 subtiliter
1132 2474 1328 2518 disputavit
1361 2475 1536 2518 pertinere
1571 2473 1694 2508 dicens
1729 2474 1774 2509 ad

221 2534 392 2568 musicam
419 2533 662 2577 disciplinam;
690 2542 797 2577 quem
824 2533 928 2567 vobis
954 2533 1044 2567 inter
1070 2535 1208 2567 ceteros
1235 2534 1482 2577 transcriptum
1510 2531 1658 2576 reliqui'.

363 2593 390 2636 5)
417 2593 438 2626 l.
459 2602 485 2626 c.
515 2602 547 2636 p.
570 2592 659 2626 1208
697 2591 840 2637 Migne:
868 2592 1084 2627 ‘invenimus
1123 2592 1229 2626 etiarn
1269 2591 1518 2633 Censorinum,
1558 2593 1618 2636 qui
1650 2592 1696 2627 ad
1729 2591 1773 2634 Q.

222 2651 413 2688 Cerellium
440 2652 579 2696 scripsit
605 2651 649 2685 de
676 2651 781 2686 natali
810 2652 887 2685 eius
918 2651 986 2692 die,
1020 2651 1079 2686 ubi
1107 2651 1152 2686 de
1179 2652 1313 2686 musica
1341 2651 1526 2695 disciplina
1553 2651 1611 2685 vel
1637 2650 1682 2686 de
1708 2651 1775 2686 alia

223 2711 320 2756 parte
346 2711 517 2745 mathesis
544 2720 616 2745 non
643 2710 870 2755 neglegenda
889 2710 1070 2746 disseruit:
1099 2712 1269 2755 quoniam
1296 2720 1367 2745 non
1386 2710 1554 2744 inutiliter
1572 2710 1711 2755 legitur,
1738 2711 1777 2744 ut

223 2780 278 2805 res
305 2772 402 2814 ipsae
429 2770 683 2814 penetrabilius
709 2771 829 2804 animo
856 2769 1031 2814 frequenti
1060 2770 1292 2805 meditatione
1318 2769 1539 2805 condantur.'
