2001 3099
883 143 1177 182 -80—

254 279 441 322 nomine
479 279 775 323 dominarum
814 281 979 323 habitu
1018 287 1223 325 matrum
1256 281 1462 326 familias
1495 289 1542 326 et
1574 283 1814 340 virginum

255 357 444 406 sumpto
483 351 540 394 ad
575 351 733 394 hostes
767 351 913 396 ituras
954 367 1056 396 esse
1095 353 1247 410 iisque
1280 369 1329 397 se
1361 353 1624 398 tradituras.
1676 362 1817 412 atque

254 436 359 464 curn
397 422 593 466 ancillae
630 422 678 465 in
719 429 870 466 castra
908 423 1115 467 hostium
1149 423 1389 468 venissent
1426 424 1586 482 ibique
1627 433 1816 483 propter

253 494 505 537 conubium
565 493 687 537 diem
747 495 919 538 festum
979 496 1180 552 plurimo
1239 496 1350 540 vino
1409 511 1642 553 provocav
1655 497 1815 554 issent,

252 565 473 608 Tutelam
516 580 573 609 ex
619 567 781 610 arbore
829 566 1046 623 caprifico
1095 567 1322 611 Romanis
1370 568 1561 624 signum
1614 568 1809 614 dedisse.

253 643 356 680 tum
381 652 459 680 eos
492 637 650 681 hostes
679 639 977 695 inopinantes
1011 646 1058 682 et
1094 647 1335 696 soporatos
1368 639 1655 697 oppressisse
1687 647 1734 684 et
1756 656 1814 684 ex

251 707 333 750 illo
367 715 577 765 tempore
604 711 766 753 Nonas
790 710 1066 766 Caprotinas
1099 711 1374 754 ancillarum
1407 711 1545 754 ferias
1578 712 1812 755 celebrari.

251 779 373 823 hanc
402 781 609 823 fabulam
631 781 894 824 Ausonium
918 796 1056 825 versu
1090 785 1208 825 ‘cum
1231 783 1352 826 stola
1374 782 1601 826 matronis
1623 783 1814 840 dempta

252 858 383 907 teget
414 852 625 895 famulas'
658 851 866 896 indicare
901 853 997 897 veri
1031 860 1102 897 est
1134 853 1296 897 simile.
1332 860 1473 910 atque
1505 853 1644 897 simili
1674 855 1812 897 modo

250 929 387 979 poeta
433 939 474 967 v.
520 927 688 966 19—22
738 925 969 981 originem
1018 924 1365 982 Neptunalium
1415 932 1462 968 et
1509 926 1813 970 Consualium

251 995 423 1038 docens
456 995 583 1038 illam
617 996 899 1039 Sabinarum
934 995 1159 1054 rapinam,
1193 1011 1334 1053 quam
1369 996 1549 1040 Consus
1582 997 1697 1040 deus
1721 999 1812 1040 Ro-

249 1067 377 1109 mulo
422 1065 626 1109 suasisse
673 1066 855 1123 dicitur,
907 1068 1075 1112 leviter
1122 1066 1373 1124 significat.
1444 1069 1604 1112 fabula
1653 1075 1810 1112 autem

248 1137 351 1194 ipsa
384 1144 455 1181 est
489 1145 583 1181 tam
615 1139 813 1195 vulgata
846 1145 892 1182 et
925 1155 951 1182 a
984 1146 1054 1182 tot
1076 1138 1380 1196 scriptoribus
1403 1146 1599 1194 narrata,
1633 1145 1686 1183 ut
1708 1154 1811 1183 eam

251 1215 459 1266 repetere
492 1209 649 1254 nolim.
720 1210 808 1253 hoc
852 1224 999 1254 unum
1045 1211 1383 1267 praedicamus,
1428 1210 1475 1253 in
1521 1211 1609 1254 hac
1652 1211 1811 1254 fabula

250 1281 456 1324 Consum
489 1282 629 1324 deum
663 1280 964 1325 consiliorum
988 1297 1090 1325 esse
1112 1281 1416 1337 intellectum,
1449 1281 1495 1324 id
1521 1283 1643 1338 quod
1667 1282 1809 1326 etiam

250 1352 485 1395 Ausonius
526 1353 693 1409 tangit.
757 1354 838 1396 sed
884 1353 1025 1396 simul
1065 1360 1202 1410 poeta
1240 1353 1287 1396 in
1330 1353 1402 1396 his
1442 1354 1655 1397 versibus
1695 1354 1811 1397 Con-

249 1423 399 1466 sualia
440 1424 581 1467 etiarn
621 1438 727 1467 cum
763 1424 1113 1481 Neptunalibus
1156 1424 1403 1480 coniungit
1441 1432 1487 1468 et
1520 1425 1697 1468 cultum
1731 1424 1811 1467 du-

248 1494 412 1551 plicem
465 1495 589 1550 dicit,
637 1495 796 1552 itaque
829 1495 970 1539 etiam
1016 1496 1210 1538 alteram
1261 1495 1620 1553 explicationem
1669 1496 1808 1539 Consi

247 1566 321 1609 dei
360 1566 550 1610 indicat.
614 1566 692 1609 alii
707 1571 734 1620 1)
775 1566 901 1610 enim
941 1566 1161 1610 dicebant
1194 1567 1399 1611 Consum
1434 1568 1573 1610 deum
1607 1567 1807 1610 eundern

248 1653 348 1681 esse
381 1644 521 1695 atque
554 1641 832 1694 Neptunum
867 1638 1160 1695 Equestrem,
1194 1637 1326 1682 cuius
1360 1639 1407 1681 in
1440 1638 1667 1681 honorem
1693 1638 1808 1682 Con-

248 1709 396 1752 sualia
444 1710 800 1753 celebrarentur.
872 1725 964 1766 qua
1011 1710 1067 1753 de
1113 1725 1253 1753 causa
1297 1709 1475 1766 optime
1516 1709 1805 1765 intellegitur

247 1788 430 1837 poetam
472 1780 575 1824 aliis
608 1795 793 1838 quoque
825 1781 938 1824 locis
973 1782 1177 1825 Consum
1211 1797 1295 1838 pro
1327 1783 1552 1839 Neptuno
1583 1780 1807 1838 posuisse,

247 1859 299 1895 ut
338 1867 378 1908 p.
414 1856 506 1908 149,
536 1856 589 1895 87
622 1856 679 1908 Ρ.,
719 1853 799 1895 ubi
838 1861 976 1909 poeta
1011 1853 1251 1897 Minervae
1285 1859 1331 1896 et
1364 1852 1501 1896 Consi
1548 1852 1588 1909 (i.
1613 1868 1647 1896 e.
1681 1855 1804 1909 Nep-

246 1923 368 1978 tuni)
402 1924 459 1967 (16
492 1939 596 1967 arce
629 1923 922 1967 Athenarum
955 1930 1189 1967 certamen
1224 1925 1391 1980 tangit,
1430 1940 1474 1981 p.
1503 1927 1595 1979 141,
1619 1927 1686 1978 46,
1725 1924 1805 1966 ubi

247 1996 451 2038 Consum
487 2010 766 2051 germanum
801 1994 927 2038 Iovis
962 2003 1008 2038 et
1043 1996 1254 2039 Plutonis
1287 1994 1412 2050 dicit,
1451 2012 1491 2053 p.
1515 1998 1612 2050 340,
1636 1998 1674 2050 9,
1713 2009 1805 2051 quo

246 2082 383 2110 versu
420 2067 600 2110 Consus
634 2066 857 2111 Saturnia
894 2068 1046 2123 proles
1079 2074 1288 2111 vocatur.
1352 2073 1493 2123 atque
1525 2066 1698 2123 pariter
1728 2081 1805 2122 po-

247 2145 350 2181 etae
383 2138 506 2181 docti
536 2145 617 2193 est,
650 2139 773 2194 quod
798 2154 841 2182 v.
867 2141 922 2180 27
946 2154 1011 2194 sq.
1035 2137 1175 2181 huius
1209 2139 1399 2194 eclogae
1437 2137 1550 2181 dicit
1587 2137 1803 2194 Equirria

245 2210 417 2265 primos
450 2209 584 2252 ludos
619 2208 666 2252 in
701 2209 821 2252 circo
854 2224 955 2252 esse
986 2211 1119 2253 facta.
1183 2225 1321 2266 porro
1354 2209 1492 2252 etiam
1523 2208 1570 2251 in
1594 2225 1635 2252 v.
1660 2212 1713 2251 33
1738 2223 1802 2265 sq.

244 2281 385 2324 huius
419 2281 612 2337 eclogae
645 2281 897 2324 frustulum
930 2281 1080 2324 bonae
1113 2281 1352 2324 doctrinae
1382 2281 1509 2325 latet.
1573 2280 1650 2322 hic
1678 2279 1801 2322 enim

244 2352 466 2395 discimus
508 2352 792 2408 gladiatores
832 2351 943 2395 olim
982 2353 1029 2395 in
1069 2353 1167 2395 foro
1200 2351 1375 2408 proelia
1407 2351 1621 2395 funebria
1653 2351 1804 2394 decer-

245 2431 379 2467 tasse.
444 2423 531 2465 hoc
575 2422 751 2480 optime
797 2424 1070 2480 comprobat
1100 2422 1316 2468 Valerius
1356 2423 1591 2466 Maximus
1624 2424 1670 2464 II
1705 2426 1742 2477 4,
1777 2426 1802 2464 7

246 2494 316 2536 liis
356 2494 531 2537 verbis:
583 2494 927 2550 ‘gladiatorium
975 2509 1147 2537 munus
1185 2495 1385 2550 primum
1427 2496 1606 2536 Romae
1643 2494 1799 2536 datum

243 2572 312 2607 est
344 2565 392 2607 in
425 2566 524 2608 foro
557 2564 716 2608 boario
749 2567 836 2622 Ap.
872 2566 1067 2609 Claudio
1102 2566 1154 2620 Q.
1180 2564 1348 2609 Fulvio
1382 2565 1663 2608 consulibus.
1726 2564 1801 2606 de-

243 2637 411 2678 ‹lerunt
452 2638 635 2679 Marcus
676 2644 722 2680 et
763 2636 986 2679 Decimus
1027 2635 1111 2678 filii
1146 2637 1277 2679 Bruti
1312 2638 1453 2679 Perae
1491 2635 1675 2678 funebri
1709 2650 1800 2677 me-

388 2744 411 2787 1)
439 2744 511 2778 Liv.
532 2742 543 2777 I
562 2743 595 2784 9,
615 2743 647 2785 7,
675 2742 852 2778 Plutarch.
871 2743 971 2783 Rom.
991 2743 1044 2785 14,
1069 2743 1138 2785 alii,
1164 2753 1256 2788 quos
1274 2752 1401 2778 omnes
1420 2743 1536 2778 attulit
1555 2741 1597 2777 G.
1611 2741 1798 2783 wissowa,

243 2802 352 2847 Relig.
381 2813 413 2837 u.
443 2803 572 2840 Kultus
599 2802 631 2837 d.
659 2801 697 2837 R.
725 2813 758 2848 p.
779 2802 843 2837 201
875 2803 954 2838 adn.
974 2802 1005 2837 6.
