<?xml version="1.0" encoding="UTF-8"?>
<!DOCTYPE html PUBLIC "-//W3C//DTD XHTML 1.0 Transitional//EN"
    "http://www.w3.org/TR/xhtml1/DTD/xhtml1-transitional.dtd">
<html xmlns="http://www.w3.org/1999/xhtml" xml:lang="en" lang="en">
 <head>
  <title>
</title>
<meta http-equiv="Content-Type" content="text/html;charset=utf-8" />
  <meta name='ocr-system' content='tesseract 3.04.00' />
  <meta name='ocr-capabilities' content='ocr_page ocr_carea ocr_par ocr_line ocrx_word'/>
</head>
<body>
  <div class='ocr_page' id='page_1' title='image "./devarroneetsueto00reeh_0091.png"; bbox 0 0 2001 3099; ppageno 0'>
   <div class='ocr_carea' id='block_1_1' title="bbox 829 121 1119 161">
    <p class='ocr_par' dir='ltr' id='par_1_1' title="bbox 829 121 1119 161">
     <span class='ocr_line' id='line_1_1' title="bbox 829 121 1119 161; baseline 0 -13"><span class='ocrx_word' id='word_1_1' title='bbox 829 142 882 149; x_wconf 83' lang='lat'>....</span> <span class='ocrx_word' id='word_1_2' title='bbox 947 121 1119 161; x_wconf 75' lang='grc'>87-</span> 
     </span>
    </p>
   </div>
   <div class='ocr_carea' id='block_1_2' title="bbox 203 257 1752 954">
    <p class='ocr_par' dir='ltr' id='par_1_2' title="bbox 203 257 1752 954">
     <span class='ocr_line' id='line_1_2' title="bbox 203 257 1748 316; baseline -0.001 -13"><span class='ocrx_word' id='word_1_3' title='bbox 203 259 407 303; x_wconf 87' lang='lat' dir='ltr'>maxima</span> <span class='ocrx_word' id='word_1_4' title='bbox 446 274 502 303; x_wconf 91' lang='lat' dir='ltr'>ex</span> <span class='ocrx_word' id='word_1_5' title='bbox 540 265 670 316; x_wconf 90' lang='lat' dir='ltr'>parte</span> <span class='ocrx_word' id='word_1_6' title='bbox 702 274 727 302; x_wconf 92' lang='lat' dir='ltr'>e</span> <span class='ocrx_word' id='word_1_7' title='bbox 759 257 1037 302; x_wconf 80' lang='lat' dir='ltr'>Tertulliani</span> <span class='ocrx_word' id='word_1_8' title='bbox 1071 259 1188 302; x_wconf 89' lang='lat' dir='ltr'>libro</span> <span class='ocrx_word' id='word_1_9' title='bbox 1221 259 1278 301; x_wconf 92' lang='lat' dir='ltr'>de</span> <span class='ocrx_word' id='word_1_10' title='bbox 1311 257 1589 314; x_wconf 85' lang='lat' dir='ltr'>spectaculis</span> <span class='ocrx_word' id='word_1_11' title='bbox 1622 259 1748 301; x_wconf 85' lang='lat' dir='ltr'>resti-</span> 
     </span>
     <span class='ocr_line' id='line_1_3' title="bbox 205 327 1749 386; baseline -0.001 -12"><span class='ocrx_word' id='word_1_12' title='bbox 205 337 367 374; x_wconf 88' lang='lat' dir='ltr'>tueret.</span> <span class='ocrx_word' id='word_1_13' title='bbox 431 344 539 373; x_wconf 89' lang='lat' dir='ltr'>narn</span> <span class='ocrx_word' id='word_1_14' title='bbox 572 336 754 372; x_wconf 88' lang='lat' dir='ltr'>constat</span> <span class='ocrx_word' id='word_1_15' title='bbox 786 329 917 372; x_wconf 90' lang='lat' dir='ltr'>illum</span> <span class='ocrx_word' id='word_1_16' title='bbox 951 336 1130 386; x_wconf 89' lang='lat' dir='ltr'>patrem</span> <span class='ocrx_word' id='word_1_17' title='bbox 1163 327 1385 373; x_wconf 84' lang='lat' dir='ltr'>ecclesiae</span> <span class='ocrx_word' id='word_1_18' title='bbox 1417 329 1465 371; x_wconf 88' lang='lat' dir='ltr'>in</span> <span class='ocrx_word' id='word_1_19' title='bbox 1497 328 1625 383; x_wconf 93' lang='lat' dir='ltr'>libro,</span> <span class='ocrx_word' id='word_1_20' title='bbox 1658 344 1749 385; x_wconf 85' lang='lat' dir='ltr'>quo</span> 
     </span>
     <span class='ocr_line' id='line_1_4' title="bbox 204 400 1750 458; baseline -0.003 -13"><span class='ocrx_word' id='word_1_21' title='bbox 204 400 420 458; x_wconf 80' lang='lat' dir='ltr'>exposuit</span> <span class='ocrx_word' id='word_1_22' title='bbox 457 401 721 457; x_wconf 90' lang='lat' dir='ltr'>spectacula</span> <span class='ocrx_word' id='word_1_23' title='bbox 760 400 1062 454; x_wconf 89' lang='lat' dir='ltr'>ethnicorum,</span> <span class='ocrx_word' id='word_1_24' title='bbox 1105 400 1275 458; x_wconf 85' lang='lat' dir='ltr'>quippe</span> <span class='ocrx_word' id='word_1_25' title='bbox 1315 414 1433 456; x_wconf 87' lang='lat' dir='ltr'>quae</span> <span class='ocrx_word' id='word_1_26' title='bbox 1472 414 1577 441; x_wconf 88' lang='lat' dir='ltr'>cum</span> <span class='ocrx_word' id='word_1_27' title='bbox 1610 400 1750 442; x_wconf 85' lang='lat' dir='ltr'>idolo-</span> 
     </span>
     <span class='ocr_line' id='line_1_5' title="bbox 203 469 1748 525; baseline -0.001 -10"><span class='ocrx_word' id='word_1_28' title='bbox 203 472 339 515; x_wconf 88' lang='lat' dir='ltr'>latria</span> <span class='ocrx_word' id='word_1_29' title='bbox 371 472 600 515; x_wconf 84' lang='lat' dir='ltr'>artissime</span> <span class='ocrx_word' id='word_1_30' title='bbox 623 471 934 525; x_wconf 81' lang='lat' dir='ltr'>cohaererent,</span> <span class='ocrx_word' id='word_1_31' title='bbox 973 470 1249 515; x_wconf 89' lang='lat' dir='ltr'>Christianis</span> <span class='ocrx_word' id='word_1_32' title='bbox 1273 485 1373 513; x_wconf 88' lang='lat' dir='ltr'>esse</span> <span class='ocrx_word' id='word_1_33' title='bbox 1397 469 1603 524; x_wconf 87' lang='lat' dir='ltr'>vitanda,</span> <span class='ocrx_word' id='word_1_34' title='bbox 1637 472 1748 513; x_wconf 77' lang='lat' dir='ltr'>Suc-</span> 
     </span>
     <span class='ocr_line' id='line_1_6' title="bbox 205 540 1751 598; baseline -0.001 -12"><span class='ocrx_word' id='word_1_35' title='bbox 205 541 319 586; x_wconf 85' lang='lat' dir='ltr'>tonii</span> <span class='ocrx_word' id='word_1_36' title='bbox 353 543 531 597; x_wconf 88' lang='lat' dir='ltr'>librum,</span> <span class='ocrx_word' id='word_1_37' title='bbox 578 547 631 585; x_wconf 91' lang='lat' dir='ltr'>ut</span> <span class='ocrx_word' id='word_1_38' title='bbox 668 541 766 598; x_wconf 90' lang='lat' dir='ltr'>ipse</span> <span class='ocrx_word' id='word_1_39' title='bbox 804 541 980 584; x_wconf 88' lang='lat' dir='ltr'>indicat</span> <span class='ocrx_word' id='word_1_40' title='bbox 1018 545 1072 596; x_wconf 90' lang='lat' dir='ltr'>(c.</span> <span class='ocrx_word' id='word_1_41' title='bbox 1111 545 1166 596; x_wconf 87' lang='lat'>5),</span> <span class='ocrx_word' id='word_1_42' title='bbox 1205 540 1482 585; x_wconf 86' lang='lat' dir='ltr'>adhibuisse.</span> <span class='ocrx_word' id='word_1_43' title='bbox 1546 541 1611 584; x_wconf 88' lang='lat' dir='ltr'>ita</span> <span class='ocrx_word' id='word_1_44' title='bbox 1642 541 1751 584; x_wconf 89' lang='lat' dir='ltr'>Ter-</span> 
     </span>
     <span class='ocr_line' id='line_1_7' title="bbox 205 611 1750 670; baseline -0.001 -13"><span class='ocrx_word' id='word_1_45' title='bbox 205 613 439 669; x_wconf 88' lang='lat' dir='ltr'>tullianus,</span> <span class='ocrx_word' id='word_1_46' title='bbox 498 626 778 670; x_wconf 88' lang='lat' dir='ltr'>quamquam</span> <span class='ocrx_word' id='word_1_47' title='bbox 831 627 855 655; x_wconf 93' lang='lat' dir='ltr'>e</span> <span class='ocrx_word' id='word_1_48' title='bbox 908 611 1024 656; x_wconf 92' lang='lat' dir='ltr'>libro</span> <span class='ocrx_word' id='word_1_49' title='bbox 1075 612 1365 657; x_wconf 86' lang='lat' dir='ltr'>Suetoniano</span> <span class='ocrx_word' id='word_1_50' title='bbox 1426 613 1750 655; x_wconf 85' lang='lat' dir='ltr'>tantummodo</span> 
     </span>
     <span class='ocr_line' id='line_1_8' title="bbox 203 682 1750 741; baseline -0.001 -13"><span class='ocrx_word' id='word_1_51' title='bbox 203 699 434 729; x_wconf 89' lang='lat' dir='ltr'>summam</span> <span class='ocrx_word' id='word_1_52' title='bbox 467 698 618 727; x_wconf 88' lang='lat' dir='ltr'>rerum</span> <span class='ocrx_word' id='word_1_53' title='bbox 653 683 893 740; x_wconf 84' lang='lat' dir='ltr'>excerpsit,</span> <span class='ocrx_word' id='word_1_54' title='bbox 926 698 1019 727; x_wconf 91' lang='lat' dir='ltr'>non</span> <span class='ocrx_word' id='word_1_55' title='bbox 1053 698 1221 741; x_wconf 89' lang='lat' dir='ltr'>parvas</span> <span class='ocrx_word' id='word_1_56' title='bbox 1254 682 1473 740; x_wconf 87' lang='lat' dir='ltr'>reliquias</span> <span class='ocrx_word' id='word_1_57' title='bbox 1507 684 1639 727; x_wconf 89' lang='lat' dir='ltr'>nobis</span> <span class='ocrx_word' id='word_1_58' title='bbox 1662 699 1750 727; x_wconf 91' lang='lat' dir='ltr'>ser-</span> 
     </span>
     <span class='ocr_line' id='line_1_9' title="bbox 204 753 1752 813; baseline -0.002 -13"><span class='ocrx_word' id='word_1_59' title='bbox 204 755 343 800; x_wconf 85' lang='lat' dir='ltr'>vavit.</span> <span class='ocrx_word' id='word_1_60' title='bbox 407 762 546 813; x_wconf 88' lang='lat' dir='ltr'>atque</span> <span class='ocrx_word' id='word_1_61' title='bbox 585 769 691 798; x_wconf 89' lang='lat' dir='ltr'>cum</span> <span class='ocrx_word' id='word_1_62' title='bbox 728 769 853 798; x_wconf 90' lang='lat' dir='ltr'>nunc</span> <span class='ocrx_word' id='word_1_63' title='bbox 884 769 1046 798; x_wconf 90' lang='lat' dir='ltr'>versus</span> <span class='ocrx_word' id='word_1_64' title='bbox 1078 755 1376 798; x_wconf 89' lang='lat' dir='ltr'>Ausonianos</span> <span class='ocrx_word' id='word_1_65' title='bbox 1409 769 1514 798; x_wconf 88' lang='lat' dir='ltr'>cum</span> <span class='ocrx_word' id='word_1_66' title='bbox 1547 753 1619 798; x_wconf 91' lang='lat' dir='ltr'>his</span> <span class='ocrx_word' id='word_1_67' title='bbox 1652 755 1752 797; x_wconf 91' lang='lat' dir='ltr'>reli-</span> 
     </span>
     <span class='ocr_line' id='line_1_10' title="bbox 204 824 1752 884; baseline -0.001 -15"><span class='ocrx_word' id='word_1_68' title='bbox 204 825 323 884; x_wconf 88' lang='lat' dir='ltr'>quiis</span> <span class='ocrx_word' id='word_1_69' title='bbox 354 826 459 869; x_wconf 91' lang='lat' dir='ltr'>libri</span> <span class='ocrx_word' id='word_1_70' title='bbox 490 825 766 870; x_wconf 88' lang='lat' dir='ltr'>Suetoniani</span> <span class='ocrx_word' id='word_1_71' title='bbox 800 840 1136 883; x_wconf 88' lang='lat' dir='ltr'>comparamus,</span> <span class='ocrx_word' id='word_1_72' title='bbox 1167 824 1337 869; x_wconf 88' lang='lat' dir='ltr'>mirum</span> <span class='ocrx_word' id='word_1_73' title='bbox 1372 832 1452 879; x_wconf 89' lang='lat' dir='ltr'>est,</span> <span class='ocrx_word' id='word_1_74' title='bbox 1485 826 1607 882; x_wconf 87' lang='lat' dir='ltr'>quod</span> <span class='ocrx_word' id='word_1_75' title='bbox 1642 841 1752 868; x_wconf 85' lang='lat' dir='ltr'>non-</span> 
     </span>
     <span class='ocr_line' id='line_1_11' title="bbox 203 896 1751 954; baseline -0.001 -12"><span class='ocrx_word' id='word_1_76' title='bbox 203 899 358 942; x_wconf 86' lang='lat' dir='ltr'>nullae</span> <span class='ocrx_word' id='word_1_77' title='bbox 391 897 530 942; x_wconf 80' lang='lat' dir='ltr'>feriae</span> <span class='ocrx_word' id='word_1_78' title='bbox 563 898 609 940; x_wconf 90' lang='lat' dir='ltr'>in</span> <span class='ocrx_word' id='word_1_79' title='bbox 643 898 806 954; x_wconf 83' lang='lat' dir='ltr'>ecloga</span> <span class='ocrx_word' id='word_1_80' title='bbox 839 904 1138 941; x_wconf 87' lang='lat' dir='ltr'>enumeratae</span> <span class='ocrx_word' id='word_1_81' title='bbox 1171 896 1234 940; x_wconf 91' lang='lat' dir='ltr'>ibi</span> <span class='ocrx_word' id='word_1_82' title='bbox 1267 898 1465 941; x_wconf 90' lang='lat' dir='ltr'>redeunt</span> <span class='ocrx_word' id='word_1_83' title='bbox 1497 898 1751 954; x_wconf 84' lang='lat' dir='ltr'>eodemque</span> 
     </span>
    </p>
   </div>
   <div class='ocr_carea' id='block_1_3' title="bbox 203 968 814 1098">
    <p class='ocr_par' dir='ltr' id='par_1_3' title="bbox 203 968 814 1098">
     <span class='ocr_line' id='line_1_12' title="bbox 203 968 814 1026; baseline -0.002 -13"><span class='ocrx_word' id='word_1_84' title='bbox 203 972 297 1013; x_wconf 78' lang='lat' dir='ltr'>fere</span> <span class='ocrx_word' id='word_1_85' title='bbox 334 970 472 1013; x_wconf 91' lang='lat' dir='ltr'>modo</span> <span class='ocrx_word' id='word_1_86' title='bbox 510 968 814 1026; x_wconf 83' lang='lat' dir='ltr'>explicantur.</span> 
     </span>
     <span class='ocr_line' id='line_1_13' title="bbox 203 1055 392 1098; baseline 0 -14"><span class='ocrx_word' id='word_1_87' title='bbox 203 1055 392 1098; x_wconf 89' lang='lat' dir='ltr'>ponere:</span> 
     </span>
    </p>
   </div>
   <div class='ocr_carea' id='block_1_4' title="bbox 362 1183 782 1240">
    <p class='ocr_par' dir='ltr' id='par_1_4' title="bbox 362 1183 782 1240">
     <span class='ocr_line' id='line_1_14' title="bbox 362 1183 782 1240; baseline -0.002 -14"><span class='ocrx_word' id='word_1_88' title='bbox 362 1183 556 1226; x_wconf 87' lang='lat' dir='ltr'>Auson.</span> <span class='ocrx_word' id='word_1_89' title='bbox 590 1199 632 1227; x_wconf 89' lang='lat' dir='ltr'>v.</span> <span class='ocrx_word' id='word_1_90' title='bbox 662 1186 676 1225; x_wconf 96' lang='lat' dir='ltr'>l</span> <span class='ocrx_word' id='word_1_91' title='bbox 715 1197 782 1240; x_wconf 91' lang='lat' dir='ltr'>sq.</span> 
     </span>
    </p>
   </div>
   <div class='ocr_carea' id='block_1_5' title="bbox 203 1335 939 1607">
    <p class='ocr_par' dir='ltr' id='par_1_5' title="bbox 203 1335 939 1607">
     <span class='ocr_line' id='line_1_15' title="bbox 203 1335 939 1394; baseline 0.001 -15"><span class='ocrx_word' id='word_1_92' title='bbox 203 1351 327 1380; x_wconf 88' lang='lat' dir='ltr'>nunc</span> <span class='ocrx_word' id='word_1_93' title='bbox 379 1343 426 1380; x_wconf 88' lang='lat' dir='ltr'>et</span> <span class='ocrx_word' id='word_1_94' title='bbox 482 1335 750 1394; x_wconf 89' lang='lat' dir='ltr'>Apollineos</span> <span class='ocrx_word' id='word_1_95' title='bbox 804 1336 939 1380; x_wconf 89' lang='lat' dir='ltr'>Tibe-</span> 
     </span>
     <span class='ocr_line' id='line_1_16' title="bbox 304 1407 832 1464; baseline 0.002 -14"><span class='ocrx_word' id='word_1_96' title='bbox 304 1407 404 1450; x_wconf 85' lang='lat' dir='ltr'>rina</span> <span class='ocrx_word' id='word_1_97' title='bbox 437 1422 517 1464; x_wconf 92' lang='lat' dir='ltr'>per</span> <span class='ocrx_word' id='word_1_98' title='bbox 548 1407 667 1451; x_wconf 89' lang='lat' dir='ltr'>ostia</span> <span class='ocrx_word' id='word_1_99' title='bbox 698 1408 832 1451; x_wconf 89' lang='lat' dir='ltr'>ludos</span> 
     </span>
     <span class='ocr_line' id='line_1_17' title="bbox 261 1478 939 1533; baseline 0 -11"><span class='ocrx_word' id='word_1_100' title='bbox 261 1485 308 1522; x_wconf 90' lang='lat' dir='ltr'>et</span> <span class='ocrx_word' id='word_1_101' title='bbox 376 1479 710 1533; x_wconf 86' lang='lat' dir='ltr'>Megalesiacae</span> <span class='ocrx_word' id='word_1_102' title='bbox 777 1478 939 1523; x_wconf 88' lang='lat' dir='ltr'>matris</span> 
     </span>
     <span class='ocr_line' id='line_1_18' title="bbox 319 1550 674 1607; baseline 0.003 -15"><span class='ocrx_word' id='word_1_103' title='bbox 319 1555 480 1606; x_wconf 88' lang='lat' dir='ltr'>operta</span> <span class='ocrx_word' id='word_1_104' title='bbox 510 1550 674 1607; x_wconf 91' lang='lat' dir='ltr'>loquar</span> 
     </span>
    </p>
   </div>
   <div class='ocr_carea' id='block_1_6' title="bbox 443 1753 695 1794">
    <p class='ocr_par' dir='ltr' id='par_1_6' title="bbox 443 1753 695 1794">
     <span class='ocr_line' id='line_1_19' title="bbox 443 1753 695 1794; baseline -0.004 -1"><span class='ocrx_word' id='word_1_105' title='bbox 443 1765 486 1794; x_wconf 91' lang='lat' dir='ltr'>v.</span> <span class='ocrx_word' id='word_1_106' title='bbox 514 1753 695 1793; x_wconf 82' lang='lat'><strong>19—22.</strong></span> 
     </span>
    </p>
   </div>
   <div class='ocr_carea' id='block_1_7' title="bbox 200 1833 939 2389">
    <p class='ocr_par' dir='ltr' id='par_1_7' title="bbox 200 1833 939 2389">
     <span class='ocr_line' id='line_1_20' title="bbox 201 1833 938 1890; baseline 0 -13"><span class='ocrx_word' id='word_1_107' title='bbox 201 1839 281 1877; x_wconf 90' lang='lat' dir='ltr'>aut</span> <span class='ocrx_word' id='word_1_108' title='bbox 313 1833 547 1889; x_wconf 84' lang='lat' dir='ltr'>duplicem</span> <span class='ocrx_word' id='word_1_109' title='bbox 576 1833 768 1888; x_wconf 90' lang='lat' dir='ltr'>cultum,</span> <span class='ocrx_word' id='word_1_110' title='bbox 800 1848 938 1890; x_wconf 92' lang='lat' dir='ltr'>quem</span> 
     </span>
     <span class='ocr_line' id='line_1_21' title="bbox 319 1903 805 1961; baseline 0 -14"><span class='ocrx_word' id='word_1_111' title='bbox 319 1903 609 1961; x_wconf 88' lang='lat' dir='ltr'>Neptunalia</span> <span class='ocrx_word' id='word_1_112' title='bbox 641 1904 805 1947; x_wconf 89' lang='lat' dir='ltr'>dicunt</span> 
     </span>
     <span class='ocr_line' id='line_1_22' title="bbox 260 1974 938 2032; baseline -0.001 -12"><span class='ocrx_word' id='word_1_113' title='bbox 260 1981 306 2020; x_wconf 91' lang='lat' dir='ltr'>et</span> <span class='ocrx_word' id='word_1_114' title='bbox 344 1989 480 2032; x_wconf 91' lang='lat' dir='ltr'>quem</span> <span class='ocrx_word' id='word_1_115' title='bbox 518 1975 575 2018; x_wconf 92' lang='lat' dir='ltr'>de</span> <span class='ocrx_word' id='word_1_116' title='bbox 608 1975 760 2019; x_wconf 84' lang='lat' dir='ltr'>Conso</span> <span class='ocrx_word' id='word_1_117' title='bbox 793 1974 938 2019; x_wconf 89' lang='lat' dir='ltr'>consi-</span> 
     </span>
     <span class='ocr_line' id='line_1_23' title="bbox 317 2046 713 2104; baseline 0 -14"><span class='ocrx_word' id='word_1_118' title='bbox 317 2046 484 2104; x_wconf 90' lang='lat' dir='ltr'>liisque</span> <span class='ocrx_word' id='word_1_119' title='bbox 516 2047 713 2090; x_wconf 85' lang='lat' dir='ltr'>vocant?</span> 
     </span>
     <span class='ocr_line' id='line_1_24' title="bbox 200 2115 939 2175; baseline -0.003 -12"><span class='ocrx_word' id='word_1_120' title='bbox 200 2121 319 2163; x_wconf 78' lang='lat' dir='ltr'>festa</span> <span class='ocrx_word' id='word_1_121' title='bbox 351 2118 465 2161; x_wconf 91' lang='lat' dir='ltr'>haec</span> <span class='ocrx_word' id='word_1_122' title='bbox 487 2115 693 2174; x_wconf 88' lang='lat' dir='ltr'>navigiis</span> <span class='ocrx_word' id='word_1_123' title='bbox 716 2124 799 2161; x_wconf 90' lang='lat' dir='ltr'>aut</span> <span class='ocrx_word' id='word_1_124' title='bbox 820 2132 939 2175; x_wconf 88' lang='lat' dir='ltr'>quae</span> 
     </span>
     <span class='ocr_line' id='line_1_25' title="bbox 318 2187 823 2246; baseline -0.006 -13"><span class='ocrx_word' id='word_1_125' title='bbox 318 2189 550 2233; x_wconf 88' lang='lat' dir='ltr'>celebrata</span> <span class='ocrx_word' id='word_1_126' title='bbox 581 2187 823 2246; x_wconf 85' lang='lat' dir='ltr'>quadrigis</span> 
     </span>
     <span class='ocr_line' id='line_1_26' title="bbox 258 2259 938 2317; baseline 0.001 -13"><span class='ocrx_word' id='word_1_127' title='bbox 258 2260 465 2317; x_wconf 85' lang='lat' dir='ltr'>iungunt</span> <span class='ocrx_word' id='word_1_128' title='bbox 512 2261 749 2303; x_wconf 87' lang='lat' dir='ltr'>Romanos</span> <span class='ocrx_word' id='word_1_129' title='bbox 798 2259 938 2305; x_wconf 81' lang='lat' dir='ltr'>finiti-</span> 
     </span>
     <span class='ocr_line' id='line_1_27' title="bbox 318 2331 695 2389; baseline -0.003 -14"><span class='ocrx_word' id='word_1_130' title='bbox 318 2346 511 2389; x_wconf 87' lang='lat' dir='ltr'>mosque</span> <span class='ocrx_word' id='word_1_131' title='bbox 543 2331 695 2374; x_wconf 86' lang='lat' dir='ltr'>duces.</span> 
     </span>
    </p>
   </div>
   <div class='ocr_carea' id='block_1_8' title="bbox 462 2464 679 2517">
    <p class='ocr_par' dir='ltr' id='par_1_8' title="bbox 462 2464 679 2517">
     <span class='ocr_line' id='line_1_28' title="bbox 462 2464 679 2517; baseline -0.009 -12"><span class='ocrx_word' id='word_1_132' title='bbox 462 2477 504 2506; x_wconf 90' lang='lat' dir='ltr'>v.</span> <span class='ocrx_word' id='word_1_133' title='bbox 530 2464 584 2503; x_wconf 89' lang='lat'>27</span> <span class='ocrx_word' id='word_1_134' title='bbox 616 2475 679 2517; x_wconf 91' lang='lat' dir='ltr'>sq.</span> 
     </span>
    </p>
   </div>
   <div class='ocr_carea' id='block_1_9' title="bbox 201 2543 936 2671">
    <p class='ocr_par' dir='ltr' id='par_1_9' title="bbox 201 2543 936 2671">
     <span class='ocr_line' id='line_1_29' title="bbox 201 2543 936 2588; baseline 0 0"><span class='ocrx_word' id='word_1_135' title='bbox 201 2560 324 2588; x_wconf 88' lang='lat' dir='ltr'>nunc</span> <span class='ocrx_word' id='word_1_136' title='bbox 346 2543 488 2587; x_wconf 87' lang='lat' dir='ltr'>etiam</span> <span class='ocrx_word' id='word_1_137' title='bbox 506 2549 687 2587; x_wconf 87' lang='lat' dir='ltr'>veteres</span> <span class='ocrx_word' id='word_1_138' title='bbox 705 2545 936 2588; x_wconf 83' lang='lat' dir='ltr'>celebran-</span> 
     </span>
     <span class='ocr_line' id='line_1_30' title="bbox 321 2612 801 2671; baseline -0.002 -13"><span class='ocrx_word' id='word_1_139' title='bbox 321 2622 396 2658; x_wconf 90' lang='lat' dir='ltr'>tur</span> <span class='ocrx_word' id='word_1_140' title='bbox 429 2612 647 2671; x_wconf 85' lang='lat' dir='ltr'>Equirria</span> <span class='ocrx_word' id='word_1_141' title='bbox 684 2613 801 2657; x_wconf 89' lang='lat' dir='ltr'>ludi:</span> 
     </span>
    </p>
   </div>
   <div class='ocr_carea' id='block_1_10' title="bbox 266 2686 946 2744">
    <p class='ocr_par' dir='ltr' id='par_1_10' title="bbox 266 2686 946 2744">
     <span class='ocr_line' id='line_1_31' title="bbox 266 2686 946 2744; baseline 0.001 -15"><span class='ocrx_word' id='word_1_142' title='bbox 266 2686 417 2744; x_wconf 87' lang='lat' dir='ltr'>prima</span> <span class='ocrx_word' id='word_1_143' title='bbox 448 2687 564 2730; x_wconf 89' lang='lat' dir='ltr'>haec</span> <span class='ocrx_word' id='word_1_144' title='bbox 594 2689 837 2731; x_wconf 86' lang='lat' dir='ltr'>Romanus</span> <span class='ocrx_word' id='word_1_145' title='bbox 869 2702 946 2730; x_wconf 91' lang='lat' dir='ltr'>no-</span> 
     </span>
    </p>
   </div>
   <div class='ocr_carea' id='block_1_11' title="bbox 326 2757 821 2802">
    <p class='ocr_par' dir='ltr' id='par_1_11' title="bbox 326 2757 821 2802">
     <span class='ocr_line' id='line_1_32' title="bbox 326 2757 821 2802; baseline 0.002 -1"><span class='ocrx_word' id='word_1_146' title='bbox 326 2757 454 2802; x_wconf 89' lang='lat' dir='ltr'>mina</span> <span class='ocrx_word' id='word_1_147' title='bbox 488 2758 633 2802; x_wconf 91' lang='lat' dir='ltr'>circus</span> <span class='ocrx_word' id='word_1_148' title='bbox 667 2759 821 2802; x_wconf 87' lang='lat' dir='ltr'>habet.</span> 
     </span>
    </p>
   </div>
   <div class='ocr_carea' id='block_1_12' title="bbox 878 968 1751 1026">
    <p class='ocr_par' dir='ltr' id='par_1_12' title="bbox 878 968 1751 1026">
     <span class='ocr_line' id='line_1_33' title="bbox 878 968 1751 1026; baseline 0.001 -14"><span class='ocrx_word' id='word_1_149' title='bbox 878 969 1030 1026; x_wconf 89' lang='lat' dir='ltr'>placet</span> <span class='ocrx_word' id='word_1_150' title='bbox 1067 968 1143 1012; x_wconf 92' lang='lat' dir='ltr'>hic</span> <span class='ocrx_word' id='word_1_151' title='bbox 1179 969 1441 1025; x_wconf 88' lang='lat' dir='ltr'>complures</span> <span class='ocrx_word' id='word_1_152' title='bbox 1474 969 1599 1012; x_wconf 89' lang='lat' dir='ltr'>locos</span> <span class='ocrx_word' id='word_1_153' title='bbox 1633 984 1751 1013; x_wconf 90' lang='lat' dir='ltr'>com-</span> 
     </span>
    </p>
   </div>
   <div class='ocr_carea' id='block_1_13' title="bbox 1013 1181 1751 1311">
    <p class='ocr_par' dir='ltr' id='par_1_13' title="bbox 1013 1181 1751 1311">
     <span class='ocr_line' id='line_1_34' title="bbox 1013 1181 1751 1240; baseline 0.001 -14"><span class='ocrx_word' id='word_1_154' title='bbox 1013 1181 1342 1226; x_wconf 85' lang='lat' dir='ltr'>Tertullian.</span> <span class='ocrx_word' id='word_1_155' title='bbox 1382 1183 1442 1226; x_wconf 87' lang='lat' dir='ltr'>de</span> <span class='ocrx_word' id='word_1_156' title='bbox 1474 1182 1751 1240; x_wconf 88' lang='lat' dir='ltr'>spectaculis</span> 
     </span>
     <span class='ocr_line' id='line_1_35' title="bbox 1166 1254 1597 1311; baseline 0.007 -14"><span class='ocrx_word' id='word_1_157' title='bbox 1166 1269 1202 1297; x_wconf 93' lang='lat' dir='ltr'>c.</span> <span class='ocrx_word' id='word_1_158' title='bbox 1228 1257 1253 1296; x_wconf 84' lang='lat'>6</span> <span class='ocrx_word' id='word_1_159' title='bbox 1285 1254 1345 1311; x_wconf 91' lang='lat' dir='ltr'>(p.</span> <span class='ocrx_word' id='word_1_160' title='bbox 1370 1257 1394 1297; x_wconf 89' lang='lat'>8</span> <span class='ocrx_word' id='word_1_161' title='bbox 1429 1255 1597 1311; x_wconf 88' lang='lat' dir='ltr'><strong>R.-W.)</strong></span> 
     </span>
    </p>
   </div>
   <div class='ocr_carea' id='block_1_14' title="bbox 1012 1336 1754 1665">
    <p class='ocr_par' dir='ltr' id='par_1_14' title="bbox 1012 1336 1754 1665">
     <span class='ocr_line' id='line_1_36' title="bbox 1161 1336 1754 1393; baseline 0.003 -14"><span class='ocrx_word' id='word_1_162' title='bbox 1161 1371 1170 1380; x_wconf 92' lang='lat'><strong>.</strong></span> <span class='ocrx_word' id='word_1_163' title='bbox 1212 1337 1508 1393; x_wconf 84' lang='lat' dir='ltr'>Megalenses</span> <span class='ocrx_word' id='word_1_164' title='bbox 1549 1336 1674 1380; x_wconf 90' lang='lat' dir='ltr'>enim</span> <span class='ocrx_word' id='word_1_165' title='bbox 1707 1344 1754 1381; x_wconf 90' lang='lat' dir='ltr'>et</span> 
     </span>
     <span class='ocr_line' id='line_1_37' title="bbox 1013 1407 1753 1464; baseline 0.001 -14"><span class='ocrx_word' id='word_1_166' title='bbox 1013 1407 1319 1464; x_wconf 90' lang='lat' dir='ltr'>Apollinares,</span> <span class='ocrx_word' id='word_1_167' title='bbox 1341 1407 1454 1451; x_wconf 90' lang='lat' dir='ltr'>item</span> <span class='ocrx_word' id='word_1_168' title='bbox 1472 1407 1683 1451; x_wconf 90' lang='lat' dir='ltr'>Cereales</span> <span class='ocrx_word' id='word_1_169' title='bbox 1707 1415 1753 1451; x_wconf 91' lang='lat' dir='ltr'>et</span> 
     </span>
     <span class='ocr_line' id='line_1_38' title="bbox 1013 1477 1754 1535; baseline 0.001 -14"><span class='ocrx_word' id='word_1_170' title='bbox 1013 1479 1305 1535; x_wconf 87' lang='lat' dir='ltr'>Neptunales</span> <span class='ocrx_word' id='word_1_171' title='bbox 1353 1485 1400 1522; x_wconf 92' lang='lat' dir='ltr'>et</span> <span class='ocrx_word' id='word_1_172' title='bbox 1447 1477 1659 1525; x_wconf 88' lang='lat' dir='ltr'>Latiares</span> <span class='ocrx_word' id='word_1_173' title='bbox 1707 1486 1754 1522; x_wconf 93' lang='lat' dir='ltr'>et</span> 
     </span>
     <span class='ocr_line' id='line_1_39' title="bbox 1014 1548 1751 1594; baseline 0.003 -2"><span class='ocrx_word' id='word_1_174' title='bbox 1014 1549 1220 1593; x_wconf 83' lang='lat' dir='ltr'>Florales</span> <span class='ocrx_word' id='word_1_175' title='bbox 1264 1548 1311 1592; x_wconf 91' lang='lat' dir='ltr'>in</span> <span class='ocrx_word' id='word_1_176' title='bbox 1352 1564 1597 1593; x_wconf 90' lang='lat' dir='ltr'>commune</span> <span class='ocrx_word' id='word_1_177' title='bbox 1640 1551 1751 1594; x_wconf 90' lang='lat' dir='ltr'>cele-</span> 
     </span>
     <span class='ocr_line' id='line_1_40' title="bbox 1012 1621 1308 1665; baseline 0.007 -2"><span class='ocrx_word' id='word_1_178' title='bbox 1012 1621 1205 1664; x_wconf 90' lang='lat' dir='ltr'>brantur</span> <span class='ocrx_word' id='word_1_179' title='bbox 1228 1656 1237 1665; x_wconf 90' lang='lat'><strong>.</strong></span> <span class='ocrx_word' id='word_1_180' title='bbox 1264 1656 1272 1665; x_wconf 93' lang='lat'><strong>.</strong></span> <span class='ocrx_word' id='word_1_181' title='bbox 1298 1656 1308 1665; x_wconf 83' lang='grc'>,</span> 
     </span>
    </p>
   </div>
   <div class='ocr_carea' id='block_1_15' title="bbox 1166 1752 1602 1807">
    <p class='ocr_par' dir='ltr' id='par_1_15' title="bbox 1166 1752 1602 1807">
     <span class='ocr_line' id='line_1_41' title="bbox 1166 1752 1602 1807; baseline 0 -13"><span class='ocrx_word' id='word_1_182' title='bbox 1166 1766 1202 1794; x_wconf 81' lang='lat' dir='ltr'>c.</span> <span class='ocrx_word' id='word_1_183' title='bbox 1227 1754 1252 1793; x_wconf 87' lang='lat'>5</span> <span class='ocrx_word' id='word_1_184' title='bbox 1287 1753 1348 1807; x_wconf 85' lang='lat' dir='ltr'>(p.</span> <span class='ocrx_word' id='word_1_185' title='bbox 1374 1754 1398 1793; x_wconf 90' lang='lat'><em>7</em></span> <span class='ocrx_word' id='word_1_186' title='bbox 1434 1752 1602 1804; x_wconf 88' lang='lat' dir='ltr'>R.-W.)</span> 
     </span>
    </p>
   </div>
   <div class='ocr_carea' id='block_1_16' title="bbox 1011 1832 1758 2743">
    <p class='ocr_par' dir='ltr' id='par_1_16' title="bbox 1011 1832 1758 2743">
     <span class='ocr_line' id='line_1_42' title="bbox 1141 1832 1753 1878; baseline -0.002 0"><span class='ocrx_word' id='word_1_187' title='bbox 1141 1869 1149 1878; x_wconf 92' lang='lat'>.</span> <span class='ocrx_word' id='word_1_188' title='bbox 1184 1832 1353 1877; x_wconf 88' lang='lat' dir='ltr'>exinde</span> <span class='ocrx_word' id='word_1_189' title='bbox 1380 1832 1478 1876; x_wconf 90' lang='lat' dir='ltr'>ludi</span> <span class='ocrx_word' id='word_1_190' title='bbox 1504 1834 1753 1877; x_wconf 86' lang='lat' dir='ltr'>Consualia</span> 
     </span>
     <span class='ocr_line' id='line_1_43' title="bbox 1012 1903 1754 1962; baseline -0.001 -14"><span class='ocrx_word' id='word_1_191' title='bbox 1012 1904 1136 1960; x_wconf 89' lang='lat' dir='ltr'>dicti,</span> <span class='ocrx_word' id='word_1_192' title='bbox 1186 1903 1264 1962; x_wconf 87' lang='lat' dir='ltr'>qui</span> <span class='ocrx_word' id='word_1_193' title='bbox 1302 1903 1437 1947; x_wconf 89' lang='lat' dir='ltr'>initio</span> <span class='ocrx_word' id='word_1_194' title='bbox 1477 1906 1754 1961; x_wconf 90' lang='lat' dir='ltr'>Neptunum</span> 
     </span>
     <span class='ocr_line' id='line_1_44' title="bbox 1012 1975 1754 2019; baseline -0.003 0"><span class='ocrx_word' id='word_1_195' title='bbox 1012 1976 1320 2019; x_wconf 89' lang='lat' dir='ltr'>honorabant.</span> <span class='ocrx_word' id='word_1_196' title='bbox 1385 1975 1588 2018; x_wconf 90' lang='lat' dir='ltr'>eundem</span> <span class='ocrx_word' id='word_1_197' title='bbox 1629 1976 1754 2018; x_wconf 88' lang='lat' dir='ltr'>enim</span> 
     </span>
     <span class='ocr_line' id='line_1_45' title="bbox 1013 2046 1755 2091; baseline -0.003 0"><span class='ocrx_word' id='word_1_198' title='bbox 1013 2053 1059 2091; x_wconf 86' lang='lat' dir='ltr'>et</span> <span class='ocrx_word' id='word_1_199' title='bbox 1097 2047 1302 2091; x_wconf 87' lang='lat' dir='ltr'>Consum</span> <span class='ocrx_word' id='word_1_200' title='bbox 1341 2052 1522 2091; x_wconf 89' lang='lat' dir='ltr'>vocant.</span> <span class='ocrx_word' id='word_1_201' title='bbox 1585 2046 1755 2089; x_wconf 87' lang='lat' dir='ltr'>dehinc</span> 
     </span>
     <span class='ocr_line' id='line_1_46' title="bbox 1013 2117 1755 2174; baseline -0.007 -10"><span class='ocrx_word' id='word_1_202' title='bbox 1013 2118 1207 2165; x_wconf 85' lang='lat' dir='ltr'>Ecurria</span> <span class='ocrx_word' id='word_1_203' title='bbox 1240 2118 1298 2161; x_wconf 92' lang='lat' dir='ltr'>ab</span> <span class='ocrx_word' id='word_1_204' title='bbox 1331 2117 1461 2174; x_wconf 91' lang='lat' dir='ltr'>equis</span> <span class='ocrx_word' id='word_1_205' title='bbox 1495 2117 1635 2160; x_wconf 89' lang='lat' dir='ltr'>Marti</span> <span class='ocrx_word' id='word_1_206' title='bbox 1666 2119 1755 2159; x_wconf 90' lang='lat' dir='ltr'>Ro-</span> 
     </span>
     <span class='ocr_line' id='line_1_47' title="bbox 1011 2188 1757 2245; baseline -0.003 -12"><span class='ocrx_word' id='word_1_207' title='bbox 1011 2190 1167 2233; x_wconf 91' lang='lat' dir='ltr'>mulus</span> <span class='ocrx_word' id='word_1_208' title='bbox 1207 2188 1342 2243; x_wconf 83' lang='lat' dir='ltr'>dixit3</span> <span class='ocrx_word' id='word_1_209' title='bbox 1384 2202 1668 2245; x_wconf 86' lang='lat' dir='ltr'>quamquam</span> <span class='ocrx_word' id='word_1_210' title='bbox 1711 2194 1757 2231; x_wconf 88' lang='lat' dir='ltr'>et</span> 
     </span>
     <span class='ocr_line' id='line_1_48' title="bbox 1013 2259 1756 2305; baseline -0.004 0"><span class='ocrx_word' id='word_1_211' title='bbox 1013 2259 1265 2305; x_wconf 88' lang='lat' dir='ltr'>Consualia</span> <span class='ocrx_word' id='word_1_212' title='bbox 1328 2260 1531 2303; x_wconf 90' lang='lat' dir='ltr'>Romulo</span> <span class='ocrx_word' id='word_1_213' title='bbox 1601 2259 1756 2302; x_wconf 79' lang='lat' dir='ltr'>deien-</span> 
     </span>
     <span class='ocr_line' id='line_1_49' title="bbox 1012 2330 1756 2388; baseline -0.003 -13"><span class='ocrx_word' id='word_1_214' title='bbox 1012 2332 1141 2387; x_wconf 92' lang='lat' dir='ltr'>dunt,</span> <span class='ocrx_word' id='word_1_215' title='bbox 1189 2331 1313 2388; x_wconf 93' lang='lat' dir='ltr'>quod</span> <span class='ocrx_word' id='word_1_216' title='bbox 1354 2345 1405 2374; x_wconf 88' lang='lat' dir='ltr'>ea</span> <span class='ocrx_word' id='word_1_217' title='bbox 1439 2330 1591 2374; x_wconf 90' lang='lat' dir='ltr'>Conso</span> <span class='ocrx_word' id='word_1_218' title='bbox 1635 2330 1756 2374; x_wconf 90' lang='lat' dir='ltr'>dica-</span> 
     </span>
     <span class='ocr_line' id='line_1_50' title="bbox 1011 2400 1757 2457; baseline -0.003 -11"><span class='ocrx_word' id='word_1_219' title='bbox 1011 2401 1132 2446; x_wconf 89' lang='lat' dir='ltr'>verit</span> <span class='ocrx_word' id='word_1_220' title='bbox 1153 2403 1252 2457; x_wconf 90' lang='lat' dir='ltr'>deo,</span> <span class='ocrx_word' id='word_1_221' title='bbox 1283 2408 1336 2446; x_wconf 92' lang='lat' dir='ltr'>ut</span> <span class='ocrx_word' id='word_1_222' title='bbox 1357 2401 1535 2456; x_wconf 87' lang='lat' dir='ltr'>volunt,</span> <span class='ocrx_word' id='word_1_223' title='bbox 1564 2400 1757 2449; x_wconf 87' lang='lat' dir='ltr'>consilii,</span> 
     </span>
     <span class='ocr_line' id='line_1_51' title="bbox 1011 2473 1755 2529; baseline -0.001 -12"><span class='ocrx_word' id='word_1_224' title='bbox 1011 2473 1110 2517; x_wconf 90' lang='lat' dir='ltr'>eius</span> <span class='ocrx_word' id='word_1_225' title='bbox 1159 2473 1344 2527; x_wconf 91' lang='lat' dir='ltr'>scilicet,</span> <span class='ocrx_word' id='word_1_226' title='bbox 1393 2486 1485 2529; x_wconf 90' lang='lat' dir='ltr'>quo</span> <span class='ocrx_word' id='word_1_227' title='bbox 1526 2478 1638 2516; x_wconf 90' lang='lat' dir='ltr'>tunc</span> <span class='ocrx_word' id='word_1_228' title='bbox 1675 2473 1755 2518; x_wconf 90' lang='lat' dir='ltr'>Sa-</span> 
     </span>
     <span class='ocr_line' id='line_1_52' title="bbox 1011 2542 1754 2600; baseline -0.004 -11"><span class='ocrx_word' id='word_1_229' title='bbox 1011 2544 1225 2589; x_wconf 89' lang='lat' dir='ltr'>binarum</span> <span class='ocrx_word' id='word_1_230' title='bbox 1262 2542 1502 2600; x_wconf 87' lang='lat' dir='ltr'>virginum</span> <span class='ocrx_word' id='word_1_231' title='bbox 1540 2543 1754 2600; x_wconf 89' lang='lat' dir='ltr'>rapinam</span> 
     </span>
     <span class='ocr_line' id='line_1_53' title="bbox 1018 2613 1758 2659; baseline -0.001 -1"><span class='ocrx_word' id='word_1_232' title='bbox 1018 2615 1246 2659; x_wconf 88' lang='lat' dir='ltr'>militibus</span> <span class='ocrx_word' id='word_1_233' title='bbox 1269 2615 1366 2658; x_wconf 87' lang='lat' dir='ltr'>suis</span> <span class='ocrx_word' id='word_1_234' title='bbox 1389 2615 1435 2658; x_wconf 91' lang='lat' dir='ltr'>in</span> <span class='ocrx_word' id='word_1_235' title='bbox 1459 2613 1758 2658; x_wconf 87' lang='lat' dir='ltr'>matrimonia</span> 
     </span>
     <span class='ocr_line' id='line_1_54' title="bbox 1021 2684 1321 2743; baseline -0.007 -13"><span class='ocrx_word' id='word_1_236' title='bbox 1021 2684 1321 2743; x_wconf 86' lang='lat' dir='ltr'>excogitavit.</span> 
     </span>
    </p>
   </div>
  </div>
 </body>
</html>
