1986 2974
863 108 1121 147 -5„

218 246 379 301 gratia.
446 247 532 288 hoc
575 247 776 289 illustrat
815 247 990 302 optime
1037 246 1257 290 Decimus
1297 250 1498 304 Magnus
1536 250 1773 292 Ausonius

218 317 579 374 BurdigalensiS,
620 317 698 374 qui
738 318 817 361 illo
857 320 1042 361 saeculo
1088 319 1384 375 ingeniorum
1431 320 1574 363 sterili
1618 328 1772 378 poeta—

215 405 315 432 rum
357 388 573 446 princeps
614 388 803 432 habitus
837 396 907 433 est
921 390 964 446 ¹).
1014 390 1059 432 in
1094 390 1331 446 opusculis
1364 390 1464 434 eius
1497 406 1591 434 non
1625 407 1772 448 pauca

214 460 417 504 carmina
457 461 774 515 inveniuntur,
815 475 933 517 quae
967 461 1176 504 doctrina
1214 462 1335 504 bona
1375 469 1624 519 vetereque
1662 470 1773 506 sunt

212 533 390 586 referta,
425 532 527 574 dico
559 531 788 588 imprimis
821 531 924 574 illas
960 532 1203 589 eclogas2),
1238 547 1356 589 quae
1384 540 1496 576 sunt
1518 533 1769 577 maximam

211 610 390 659 partem
431 604 487 646 de
527 602 888 659 antiquitatibus
929 602 1167 658 Romanis,
1213 611 1259 647 et
1297 619 1402 647 cum
1441 619 1581 662 opera
1618 603 1709 660 illa,
1747 621 1772 648 e

213 674 381 732 quibus
422 674 658 717 Ausonius
704 674 964 718 doctrinam
1009 675 1056 717 in
1102 674 1175 718 his
1218 676 1466 731 poematiis
1511 675 1769 732 depositam

212 745 381 800 hausit,
414 745 592 789 invidia
625 753 888 802 temporum
913 746 1046 789 nobis
1078 761 1172 789 non
1197 745 1292 789 sint
1314 754 1512 801 servata,
1545 747 1633 790 hae
1657 748 1772 790 eclo-

212 833 311 872 gae,
357 832 652 874 quamquam,
692 824 921 874 quantum
961 818 1018 860 ad
1058 816 1282 861 virtutem
1319 819 1550 875 poeticam
1590 817 1770 873 attinet,

210 888 341 944 parvi
376 888 695 932 aestimandae
728 895 850 943 sunt,
884 903 976 932 non
1010 895 1122 933 sunt
1154 889 1493 946 neglegendae,
1527 896 1573 932 et
1605 905 1770 946 operae

211 959 411 1016 pretium
435 960 621 1004 videtur
645 975 744 1003 esse
769 975 1002 1017 quaerere,
1035 974 1150 1017 quos
1184 961 1335 1004 fontes
1365 961 1523 1005 rhetor
1547 960 1770 1017 Burdiga-

211 1032 353 1074 lensis
387 1030 434 1074 in
469 1031 533 1074 eis
568 1031 903 1088 componendis
937 1031 1214 1086 adhibuerit,
1249 1038 1294 1075 et
1317 1031 1354 1075 si
1378 1031 1478 1075 {ieri
1502 1032 1650 1088 possit
1672 1031 1767 1074 illo-

208 1117 310 1146 rum
344 1103 691 1159 deperditorum
727 1117 919 1160 operum
953 1101 1210 1159 imaginem
1244 1118 1524 1160 recuperare.

355 1223 378 1267 ¹)
406 1223 628 1267 quantopere
662 1223 833 1267 aequales
867 1223 1069 1258 Ausonium
1105 1224 1175 1258 sint
1211 1222 1383 1265 admirati,
1420 1222 1522 1258 facile
1552 1222 1769 1268 intellegitur

208 1294 251 1317 ex
284 1283 435 1328 epistula
464 1282 655 1317 Theodosii
683 1283 850 1327 Augusti,
884 1292 954 1327 qua
986 1282 1045 1317 ille
1078 1283 1130 1317 vir
1161 1291 1324 1317 summus
1351 1282 1551 1317 Ausonium
1585 1283 1696 1327 rogat,
1732 1286 1768 1317 ut

207 1343 336 1387 scripta
362 1343 429 1376 sibi
457 1343 570 1376 mittat
599 1342 644 1386 (p.
665 1342 686 1377 3
706 1342 760 1376 cd.
779 1342 816 1381 R.
837 1341 986 1387 Peiper).

351 1402 377 1445 2)
406 1412 438 1446 p.
462 1402 534 1435 91—
563 1401 627 1436 '205
646 1402 700 1435 ed.
729 1401 870 1446 Peiper;
899 1412 931 1446 p.
951 1401 1077 1436 9-17.
1118 1400 1302 1437 152-156
1321 1402 1374 1436 ed.
1397 1401 1435 1436 C.
1455 1400 1611 1435 Schenkl
