2001 3099
867 134 1159 173 „32-

377 277 532 314 tamen
557 278 678 326 sunt,
711 286 830 328 quae
854 287 927 315 me
949 273 1220 329 impediant,
1254 288 1312 315 ne
1344 279 1507 330 putem
1530 274 1792 317 Ausonium

234 343 356 385 hanc
399 342 761 398 explicationem
807 343 923 387 assis
968 343 1161 400 eiusque
1205 343 1410 401 partium
1455 345 1609 401 ipsum
1655 346 1793 388 inter-

234 414 457 469 posuisse.
512 414 559 456 in
584 413 801 457 omnibus
824 413 1050 471 partibus,
1084 430 1141 458 ex
1165 415 1334 471 quibus
1356 430 1406 458 as
1430 422 1626 469 constat,
1650 431 1791 459 unam

234 485 329 529 vim
361 500 562 541 manere,
596 485 643 528 id
673 487 795 543 quod
830 486 923 530 13111
946 503 989 531 v.
1020 490 1069 528 12
1105 494 1175 530 est
1197 487 1386 542 dictum,
1420 493 1582 530 auctor
1610 502 1793 531 accura-

233 558 326 601 tius
349 558 666 601 demonstrare
690 557 893 601 voluisse
915 558 1030 600 mihi
1054 558 1253 603 videtur.
1288 558 1477 614 accedit,
1500 560 1623 616 quod
1653 566 1793 604 notae

233 629 349 672 35515
383 629 575 686 eiusque
607 629 811 685 partium
835 636 1024 687 propter
1058 629 1405 686 simplicitatem
1439 630 1792 687 antiquissimae

233 716 333 743 esse
365 699 481 743 mihi
515 701 745 744 videntur.
810 716 929 757 quae
960 707 1068 744 -arta
1100 701 1333 745 affinitate
1373 702 1649 745 coniunctae
1681 710 1793 745 sunt

233 790 338 818 cum
379 775 514 830 notis,
560 790 675 831 quas
715 774 841 832 apud
875 774 1123 818 Volusium
1165 773 1478 828 Maecianum,
1523 773 1580 818 M.
1614 774 1791 817 Aurelii

233 853 599 903 praeceptorem,
657 846 705 889 in
760 844 1090 889 distributione
1143 860 1263 902 quae
1315 844 1485 889 dicitur
1537 844 1792 901 legimus‚¹)

232 933 336 961 611111
371 933 465 973 636,
505 932 624 974 quae
658 918 794 961 nobis
827 924 939 961 sunt
973 918 1172 960 traditae
1203 916 1251 959 in
1286 916 1445 960 codice
1479 917 1702 959 Bernensi
1722 920 1789 974 ,83

230 990 333 1034 aliis
366 990 602 1034 codicibus
626 988 1028 1046 agrimensoriis‚2)
1061 987 1329 1045 posterioris
1362 987 1530 1031 aetatis
1564 995 1647 1032 aut
1669 994 1791 1031 certe

229 1063 366 1116 longe
407 1062 525 1105 alius
565 1060 762 1118 originis
802 1075 902 1104 esse
940 1060 1202 1104 videantur.
1268 1059 1427 1103 videas
1466 1059 1551 1102 has
1591 1060 1788 1103 tabulas.

1374 1143 1488 1178 codex
1515 1142 1708 1178 Bernensis
1733 1142 1778 1178 83

529 1169 701 1205 Volusius
728 1168 937 1204 Maecianus
1058 1168 1244 1203 Ausonius
1436 1200 1527 1226 saec
1555 1189 1598 1225 XI
1626 1191 1660 1225 et
1686 1190 1725 1225 X·

230 1255 367 1298 uncia
696 1279 750 1284 ——
1134 1253 1170 1303 s
1553 1263 1598 1281 Ν

228 1328 385 1370 deunx
592 1326 612 1369 S
644 1326 702 1367 I
734 1326 791 1366 ἶ
825 1343 879 1347 η’·
1072 1324 1166 1368 Sl&
1201 1323 1251 1367 Ν
1520 1322 1596 1370 SC
1628 1324 1662 1379 ζ

227 1400 425 1442 dextans
637 1397 656 1441 S
688 1400 746 1438 Ξ
776 1399 835 1438 I
1078 1395 1171 1439 ss&
1210 1394 1248 1439 Α
1517 1395 1593 1441 SC
1625 1395 1648 1441 ζ

228 1477 418 1514 sextans
693 1471 751 1510 ἶ
1130 1466 1168 1510 Λ
1566 1467 1588 1513 ζ

227 1542 428 1585 dodrans
634 1544 654 1585 S
687 1543 743 1581 ἶῗζ
776 1561 832 1564 ’-
1106 1540 1125 1581 ὃ
1162 1538 1213 1581 As
1532 1536 1552 1579 ὃ
1586 1538 1619 1593 (L',

227 1614 459 1670 quadrans
644 1614 703 1652 ’ἶ
736 1638 788 1641 -
1119 1610 1169 1653 Ν
1558 1609 1591 1664 ζ’

227 1685 370 1729 triens
676 1686 701 1724 ῥ’
736 1687 788 1725 ’.ἶζ
1094 1681 1131 1724 Α
1171 1681 1207 1725 Α
1538 1682 1560 1727 ζ
1593 1681 1615 1727 ζ

225 1759 306 1800 bes
669 1760 688 1799 ὃ
720 1793 779 1797 -
1098 1754 1117 1793 S
1160 1752 1196 1795 Α
1534 1756 1554 1793 ὃ
1587 1753 1610 1799 ζ

227 1829 466 1886 quincunx
613 1830 667 1867 ’ζμ
698 1829 755 1867 ἶ.
803 1847 808 1848 ⁷
1094 1824 1130 1866 Λ
1167 1824 1217 1867 Ν
1533 1824 1554 1867 ζ
1587 1824 1621 1879 ζ,

226 1900 365 1943 5611115
716 1900 737 1946 ζ
1135 1897 1155 1943 ζ
1561 1896 1581 1937 ὃ

225 1987 275 2015 35
1145 1966 1149 2011 Ι
1571 1963 1574 2009 Ι

225 2043 340 2086 libra
1128 2039 1168 2081 xlx

367 2127 488 2169 inter
530 2123 758 2168 Maeciani
798 2129 845 2166 et
877 2120 1073 2164 Ausonii
1114 2126 1250 2163 notas
1290 2135 1342 2162 ea
1382 2119 1480 2161 sola
1521 2116 1783 2160 differentia

226 2198 484 2252 intercedit,
528 2204 592 2251 ut,
638 2210 745 2238 cum
789 2200 986 2249 uterque
1031 2191 1227 2247 scriptor
1272 2190 1486 2246 singulas
1530 2187 1693 2232 uncias
1735 2187 1781 2230 in

227 2267 564 2325 compositione
588 2266 789 2323 singulis
812 2264 948 2307 lineis
972 2262 1215 2321 exprimat,
1249 2261 1471 2307 Volusius
1494 2260 1618 2303 linea
1641 2267 1782 2303 trans-

227 2356 360 2385 versa
384 2347 555 2394 utatur,
578 2337 815 2382 Ausonius
839 2337 1013 2379 lineam
1036 2335 1274 2391 obliquam
1292 2339 1438 2390 ponat
1455 2346 1650 2388 eamque
1668 2345 1782 2374 sem-

226 2428 306 2470 per
346 2426 451 2455 cum
490 2412 636 2454 altera
668 2409 715 2452 in
756 2410 986 2466 angulum
1021 2406 1290 2461 coniungat.
1354 2406 1402 2446 in
1437 2403 1593 2447 codice
1625 2408 1781 2445 autem

227 2482 448 2527 Bernensi
473 2498 556 2540 pro
579 2482 716 2524 uncia
739 2482 838 2524 sola
859 2478 1129 2523 invenimus
1158 2478 1330 2520 lineam
1354 2489 1544 2519 curvam
1570 2480 1615 2516 et
1638 2479 1782 2516 trans-

226 2570 408 2598 versam
441 2568 499 2608 w,
539 2568 645 2596 cum
685 2552 919 2595 Ausonius
959 2550 1153 2593 eandem
1194 2554 1353 2590 notam
1392 2562 1475 2604 pro
1514 2543 1651 2587 uncia
1683 2544 1780 2586 sola

372 2674 397 2716 ¹)
425 2673 578 2707 Hultsch
606 2672 626 2706 1.
655 2682 682 2706 c.
710 2681 742 2716 p.
771 2670 816 2706 62
843 2680 895 2715 sq.

369 2733 395 2777 2)
422 2733 503 2767 dico
541 2731 684 2766 codices
723 2729 931 2765 Gudianum
974 2728 1039 2764 105
1066 2731 1100 2762 et
1138 2727 1365 2762 Mutinenses
1397 2724 1467 2760 580
1508 2726 1542 2758 et
1584 2722 1649 2757 190
1686 2722 1781 2767 apud

226 2792 455 2827 Hultschium
483 2792 503 2825 1.
523 2801 551 2825 6.
571 2801 603 2835 p.
635 2790 701 2825 129
727 2799 806 2834 sqq.
