2001 3099
840 154 1129 192 „53—

214 291 440 335 mensium
482 306 673 334 numero
712 292 969 334 litterarum
1010 291 1054 333 in
1096 292 1294 346 singulis
1334 292 1546 336 versibus
1584 293 1758 335 adhibi-

214 369 363 405 tarum
397 361 669 419 exprimant,
708 368 761 404 ut
800 363 938 404 Antii.
987 363 1062 405 lat.
1108 377 1141 404 c.
1176 365 1316 419 394¹).
1366 370 1526 407 contra
1568 365 1758 419 eclogae

214 432 406 476 Ausonii
440 435 483 475 X
517 440 562 475 et
595 435 663 475 XI
698 439 744 475 et
784 448 967 476 carmen
1001 434 1140 476 Anth.
1181 434 1255 476 lat.
1290 436 1373 475 665
1405 435 1543 490 plane
1575 435 1758 478 diversa

211 510 321 547 sunt
353 510 398 546 et
430 504 626 546 multam
659 504 922 559 bonamque
955 503 1213 546 doctrinam
1243 519 1352 561 prae
1381 519 1429 547 se
1452 506 1618 562 ferunt,
1651 522 1754 551 cum

211 581 366 630 etyma
404 574 634 616 mensium
678 580 723 616 et
756 574 960 630 origines
994 575 1190 618 tradant.
1254 582 1324 618 est
1356 590 1436 618 cur
1469 591 1755 633 quaeramris,

211 659 346 702 quem
387 645 443 687 ad
477 645 652 688 fontem
686 645 802 687 haec
840 644 1049 688 doctrina
1083 646 1143 688 sit
1174 647 1426 690 referenda.
1489 663 1640 706 neque
1672 665 1755 693 nos

210 717 378 773 effugit
402 717 657 759 Ausonium
686 718 760 759 hic
782 718 965 760 easdem
990 718 1342 775 explanationes
1361 720 1591 763 mensium
1617 727 1756 778 atque

210 787 507 841 Macrobium‚
547 787 863 842 Censorinum,
905 789 1130 843 Solinum,
1164 803 1279 845 quos
1314 796 1405 832 tres
1438 805 1462 833 e
1494 790 1611 833 libro
1644 793 1755 836 Sue-

209 858 398 902 toniano
439 859 496 901 de
543 874 664 901 anno
700 861 1016 902 Romanorum
1065 860 1275 903 hausisse
1313 868 1419 916 post
1454 861 1753 906 Theodorum

210 932 466 972 Mommsen
502 937 547 972 et
580 932 849 986 Augustum
885 929 1217 974 Reifferscheid
1251 932 1306 974 G.
1332 932 1597 986 Wissowa2)
1629 935 1755 977 lucu-

207 1000 461 1044 lentissime
494 1001 844 1044 demonstravit.
893 1002 1184 1044 conferamus
1221 1002 1480 1046 Ausonium
1520 1018 1624 1048 cum
1661 1008 1754 1049 Ma-

207 1071 360 1114 crobio
373 1074 418 1113 31.

284 1206 478 1244 Auson.
512 1202 590 1245 ecl.
624 1203 668 1243 X
701 1208 747 1244 et
778 1204 846 1244 XI
1097 1204 1324 1247 Macrob.
1358 1204 1454 1248 Sat.
1490 1207 1510 1247 Ι
1550 1209 1611 1260 13,
1645 1211 1668 1249 3

209 1283 386 1327 Primus
421 1285 658 1327 Romanas
690 1283 865 1339 ordiris,
1074 1301 1126 1328 ac
1159 1286 1214 1328 (le
1248 1287 1429 1329 (luobus
1463 1288 1660 1343 priorem
1687 1293 1753 1333 Ia-

545 1357 668 1409 Iane,
701 1355 939 1398 kalendas.
1015 1357 1230 1399 nuarium
1309 1359 1598 1415 nuncupavit
1674 1365 1750 1415 (sc.

206 1426 315 1467 lane
335 1439 466 1479 nove,
487 1425 636 1481 primo
659 1426 736 1482 qui
755 1427 837 1469 das
862 1433 940 1469 tua
1015 1429 1190 1481 Numa)
1210 1429 1504 1485 primumque
1522 1431 1631 1474 anni
1651 1447 1751 1475 esse

500 1495 687 1539 nomina
720 1496 881 1550 mensi,
1015 1498 1174 1552 voluit,
1199 1506 1435 1556 tamquam
1459 1501 1659 1557 bicipitis
1678 1504 1749 1546 dei

265 1569 376 1608 lane
405 1567 590 1622 bifrons,
624 1578 805 1624 spectas
830 1575 940 1611 tem·
1015 1584 1220 1612 mensem
1245 1570 1565 1627 respicientem
1585 1589 1637 1616 ac
1650 1589 1751 1629 pro-

504 1653 614 1694 pora
646 1639 756 1682 bina
788 1639 937 1682 simul.
1013 1639 1285 1696 spicientem
1357 1644 1577 1686 transacti
1641 1646 1747 1688 anni

1013 1711 1156 1754 finem
1192 1712 1430 1769 futurique
1463 1714 1699 1772 principia,

262 1854 442 1895 Februa
469 1852 622 1896 vicino
652 1867 814 1897 mense
842 1856 938 1897 Nu·
1071 1856 1328 1898 secundum
1362 1856 1537 1900 dicavit
1566 1858 1747 1901 Februo

556 1939 631 1967 ma
663 1925 878 1968 instituit.
1011 1926 1109 1980 deo,
1132 1928 1210 1982 qui
1234 1927 1562 1970 lustrationum
1581 1937 1747 1984 potens

205 1997 310 2037 Post
347 2009 565 2051 superum
599 1996 752 2039 cultus
784 1995 937 2039 vicino
1011 1995 1189 2039 dicitur.
1257 1997 1442 2040 lustrari
1491 2005 1648 2042 autem
1694 2016 1746 2043 eo

561 2065 742 2110 Februa
774 2081 936 2109 mense
1009 2082 1168 2110 mense
1182 2067 1417 2111 civitatem
1433 2084 1622 2113 necesse
1637 2080 1746 2125 crat,

260 2137 353 2178 Dat
376 2138 532 2179 Numa
555 2138 769 2193 cognatis
791 2139 935 2181 mani-
1010 2153 1100 2194 quo
1116 2137 1292 2193 statuit,
1308 2140 1496 2183 utiusta
1512 2141 1581 2183 dis
1601 2142 1745 2184 Mani-

555 2208 642 2250 bus
675 2207 874 2252 inferias.
1009 2210 1096 2252 bus
1129 2210 1432 2253 solverentur.

344 2326 367 2368 l)
394 2325 435 2360 ci.
461 2325 653 2369 Froehner,
678 2326 772 2362 Mus.
800 2327 957 2367 Rhenan.
985 2327 1104 2363 XLVII
1135 2328 1224 2364 1892
1251 2339 1284 2373 p.
1303 2329 1372 2364 300
1398 2339 1450 2373 sq.

341 2385 366 2426 2)
396 2383 449 2418 De
480 2384 650 2419 Macrobii
676 2384 956 2421 Saturnaliorum
989 2387 1147 2422 lontibus
1180 2397 1254 2432 cap.
1288 2389 1362 2430 tria,
1395 2389 1478 2423 diss
1514 2389 1744 2425 Vratislaviae

201 2442 290 2477 1880
303 2452 335 2487 p.
351 2443 390 2477 17
401 2453 480 2488 sqq.
495 2445 615 2479 contra
630 2444 843 2480 Wissowam
854 2445 1039 2480 Alfredum
1054 2445 1160 2480 Hahn
1177 2448 1212 2481 in
1226 2447 1310 2481 diss.
1327 2447 1372 2481 de
1386 2446 1571 2482 Censorini
1587 2448 1744 2484 iontibus

199 2499 319 2544 (lenae
355 2501 457 2545 1905)
500 2512 532 2547 p.
563 2502 603 2537 17
635 2513 686 2547 sq.
721 2504 807 2538 nihil
842 2504 1036 2549 profecisse
1085 2505 1137 2539 Fr.
1172 2505 1325 2541 Bluhme
1363 2506 1383 2540 1.
1410 2516 1437 2541 c.
1463 2516 1494 2550 p.
1521 2506 1565 2540 89
1592 2517 1644 2551 sq.
1685 2509 1744 2542 de-

198 2562 416 2595 monstravit.

340 2620 366 2662 3)
393 2622 589 2655 omittimus
622 2621 858 2657 Censorinum
890 2622 1128 2668 Solinumque
1160 2624 1265 2659 etiam
1299 2625 1355 2658 hic
1387 2624 1544 2658 conferre
1590 2628 1623 2661 et
1657 2629 1743 2661 satis

198 2678 372 2713 habemus
398 2680 454 2713 l1ic
480 2679 712 2722 Macrobium,
739 2682 872 2725 quippe
898 2684 958 2726 qui
983 2684 1244 2718 accuratissime
1268 2683 1462 2718 doctrinam
1489 2683 1742 2720 Suetonianam

198 2737 333 2778 offerat,
359 2747 569 2782 proponere,
596 2739 630 2773 et
656 2749 735 2773 cum
762 2740 980 2778 Fr‚Bluhme
1005 2741 1026 2776 1.
1047 2751 1074 2776 c.
1104 2742 1241 2786 Lydum
1275 2745 1308 2776 et
1334 2742 1555 2778 macrobium
1590 2745 1678 2778 inter
1704 2755 1743 2779 se

198 2797 464 2840 comparaverit,
492 2797 635 2841 Lydum
663 2808 809 2842 quoque
835 2800 1114 2843 praeteribimus.
