2001 3099
823 145 876 151 r..-
945 122 989 161 11
1059 145 1111 150 -

192 277 356 304 nomen
408 260 640 303 Mnesiclis
687 275 776 302 non
823 275 905 315 pro
950 261 1225 301 Mesmmszs·
1266 260 1617 313 restituendum,
1660 261 1736 301 sed

192 334 431 375 nominum
484 332 874 388 permutationem
922 330 1116 372 Ausonii
1162 330 1308 385 ipsius
1354 331 1490 372 errori
1540 330 1739 373 tribnen·

190 405 295 446 (lam
329 418 426 445 esse
459 402 654 459 putavit,
694 416 797 444 cum
832 404 988 455 Varro,
1027 401 1222 443 Ausonii
1257 408 1428 454 auctor,
1470 400 1736 444 Mnesiclem

191 475 390 516 dixisset.
445 481 496 516 ut
528 474 642 515 haec
675 472 939 515 coniectura
975 470 1166 514 Henrici
1210 474 1366 513 Brnnn
1408 471 1545 514 nimis
1585 473 1739 515 audax

192 545 486 600 violentaque
505 543 745 586 abicienda
766 558 865 586 esse
883 542 996 585 mihi
1017 543 1213 596 videtur,
1237 543 1302 585 ita
1325 541 1535 598 improbo
1558 549 1739 585 senten-

190 616 301 658 tiam
337 615 528 658 Henrici
562 615 618 657 de
640 616 684 657 la
708 614 828 657 Ville
861 615 918 656 de
945 613 1216 667 Mirmonv),
1248 612 1327 669 qui
1360 628 1442 669 pro
1464 615 1741 656 [Menecratis

190 692 346 729 censet
383 686 647 741 Metagcm's,
693 699 831 741 quem
871 699 975 727 cum
1014 691 1145 740 patre
1184 682 1523 740 Chersiphrone
1563 684 1739 740 Ephesi

193 757 367 800 Dianae
407 757 632 813 templum
671 755 941 799 aedificasse
981 755 1163 800 Vitruv.
1194 757 1286 799 VII
1319 756 1461 812 praef.
1507 758 1555 797 16
1594 757 1740 810 docet,

189 828 439 884 legendum
473 842 583 881 esse,
617 842 722 870 cum
746 828 791 868 in
816 841 952 870 versu
976 826 1189 883 sequenti
1213 825 1523 882 Chersiphron
1549 826 1738 869 dicatur.

187 899 224 942 si
257 914 329 941 res
361 898 426 941 ita
459 913 559 941 sese
592 898 795 951 haberet,
829 898 998 940 mirum
1021 897 1067 940 in
1093 898 1284 940 modum
1308 897 1545 940 Ausonius
1569 912 1737 940 nomen

187 969 270 1012 filii
310 973 385 1025 (sc.
429 968 711 1025 Metagenis)
750 976 907 1025 aperte
951 967 1124 1012 diceret
1172 975 1216 1011 et
1261 982 1429 1011 nomen
1473 969 1618 1025 patris
1660 972 1738 1024 (se.

189 1041 560 1097 Chersiphronis)
614 1039 824 1097 pluribus
885 1039 1036 1083 verbis
1097 1039 1494 1083 circumscriberet
1552 1041 1743 1096 (Ephesi

185 1115 381 1168 spectata
414 1112 624 1167 mamm:
659 1117 705 1154 et
737 1112 858 1168 quod
893 1110 1084 1167 gravius
1118 1118 1198 1166 est,
1222 1111 1457 1154 Ausonius
1486 1111 1602 1154 duos
1635 1112 1739 1154 arti-

186 1183 296 1226 fices
329 1182 593 1240 importune
626 1181 950 1238 distingueret.
998 1197 1105 1225 nam
1139 1182 1288 1224 filium
1322 1196 1468 1238 aeque
1501 1189 1641 1238 atque
1664 1198 1740 1239 pa—

188 1261 304 1297 trem
328 1253 502 1310 Ephesi
536 1269 635 1296 esse
668 1260 912 1310 operatum
935 1254 1284 1297 concedendum
1310 1260 1391 1297 est.
1437 1254 1529 1296 huc
1551 1253 1739 1307 accedit,

187 1326 309 1381 quod
345 1325 533 1379 Plinius,
567 1339 703 1381 quem
739 1326 938 1368 eundem
962 1325 1183 1369 Varronis
1215 1326 1370 1368 locum
1403 1339 1504 1368 esse
1526 1332 1737 1368 secutum

187 1397 298 1439 satis
333 1395 620 1450 confidimus,
661 1396 1048 1451 Chersiphronem
1091 1410 1235 1438 unum
1271 1396 1577 1439 architectum
1611 1396 1739 1438 aedis

187 1467 365 1510 Dianae
388 1467 620 1523 Ephesiae
654 1467 777 1511 dicit.
812 1467 1011 1523 denique
1034 1467 1269 1509 Ausonius
1304 1467 1451 1510 vocali
1475 1466 1604 1510 brevi
1637 1483 1663 1509 cz
1691 1466 1737 1509 in

185 1537 370 1581 nomine
412 1538 673 1594 Metagenis
714 1537 856 1580 nimia
896 1552 1000 1580 curn
1039 1537 1227 1581 licentia
1266 1538 1447 1594 poetica
1479 1553 1562 1595 pro
1595 1539 1738 1594 longa

185 1624 286 1651 esse
325 1622 436 1651 usus
476 1607 609 1651 nobis
649 1615 770 1651 esset
808 1609 1055 1665 putandus,
1121 1608 1167 1652 C.
1195 1608 1413 1666 Hosius2)
1446 1608 1738 1665 Scaligerum

185 1687 371 1722 secutus
384 1683 416 1732 3)
469 1679 628 1723 attulit
680 1679 801 1722 inter
853 1680 1113 1736 complures
1165 1679 1366 1735 primum
1424 1681 1736 1723 Menecratem

187 1751 454 1806 Ephesium,
489 1765 624 1806 quem
657 1751 713 1793 de
747 1751 1032 1807 agricultura
1066 1750 1303 1807 scripsisse
1335 1752 1482 1795 Varro
1515 1751 1571 1793 de
1604 1766 1636 1793 r.
1661 1766 1691 1794 r.
1721 1754 1732 1793 1

191 1826 221 1876 l,
247 1825 284 1865 9.
319 1823 388 1863 111
420 1825 481 1876 16,
510 1825 558 1864 18
582 1822 730 1865 refert.
767 1822 888 1864 hanc
911 1835 1094 1878 quoque
1119 1820 1401 1864 sententiam
1425 1822 1601 1865 nullam
1627 1822 1738 1865 veri-

185 1891 293 1935 tatis
335 1892 535 1949 speciem
572 1893 741 1936 habere
774 1907 909 1936 nemo
942 1892 1149 1949 negabit.
1213 1893 1447 1935 Arnoldus
1481 1894 1538 1935 de
1570 1893 1736 1946 Salis-4)

184 1964 371 2006 demum
412 1963 711 2019 probabiliter
754 1962 970 2021 exposuit
1012 1964 1138 2007 hunc
1183 1966 1494 2007 Menecratem
1538 1965 1736 2007 eundem

185 2048 294 2089 esse,
329 2035 406 2091 qui
440 2035 486 2077 in
523 2034 755 2091 crepidine
789 2035 975 2091 zophori
1010 2035 1135 2077 illius
1165 2049 1271 2078 arae
1296 2037 1612 2091 Pergamenae
1636 2049 1737 2077 auc-

186 2111 255 2147 tor
286 2105 694 2161 gigantomachiae
734 2107 807 2149 vel
844 2105 1000 2162 potius
1039 2120 1177 2149 verus
1217 2112 1357 2162 atque
1389 2106 1602 2163 proprius
1636 2122 1737 2149 con»

184 2175 305 2218 ditor
349 2192 453 2220 arae
499 2177 645 2234 ipsius
685 2177 864 2220 dicatur
904 2177 977 2220 vel
1016 2176 1183 2220 litteris
1224 2178 1418 2221 servatis
1459 2177 1736 2231 indicetur-⁹³),

184 2247 476 2305 eundemque
522 2248 747 2291 artificem
794 2264 904 2302 esse,
957 2262 1094 2304 quem
1141 2248 1439 2305 Apollonium
1487 2256 1533 2291 ct
1576 2248 1737 2290 Tauri-

185 2332 313 2360 scum
344 2320 590 2375 adoptasse
626 2319 801 2362 Plinius
834 2321 857 2362 1.
887 2334 921 2363 c.
947 2320 1139 2371 refertfi).
1193 2321 1622 2376 Eplzesz'spffcsufam
1649 2336 1732 2360 mu-

332 2463 358 2505 1)
387 2462 433 2497 La
459 2462 613 2497 Moselle
639 2462 835 2504 d’Ausone‚
864 2462 959 2497 Paris
989 2462 1077 2497 1889
1103 2473 1135 2507 p.
1156 2462 1196 2498 91
1219 2473 1272 2507 sq.

328 2521 354 2565 2)
382 2522 402 2555 l.
423 2531 450 2555 c.
470 2521 514 2556 ad
532 2531 565 2556 v.
584 2521 663 2556 307.

327 2581 353 2620 3)
380 2580 515 2615 Auson.
535 2580 612 2615 lect.
633 2579 643 2614 I
663 2582 693 2615 4.

328 2640 353 2683 ⁴)
381 2638 452 2674 Der
477 2639 575 2674 Altar
601 2650 673 2675 von
701 2640 911 2686 Pergamon,
938 2640 1055 2675 Berlin
1086 2640 1174 2676 1912
1202 2651 1233 2685 p.
1258 2641 1299 2675 12
1317 2650 1397 2685 sqq.

329 2700 355 2741 5)
383 2698 423 2734 el.
451 2697 660 2734 Inschriften
687 2709 759 2734 von
785 2699 985 2745 Pergamon
1013 2699 1057 2734 70
1084 2699 1196 2743 <1156
1213 2699 1349 2739 Α-(ἶ).

329 2757 355 2796 6)
382 2757 425 2792 cf.
452 2757 564 2792 Hiller
589 2758 634 2792 de
661 2757 907 2804 Gaertringen,
936 2758 1067 2793 Athen.
1086 2758 1227 2794 Mitteil.
1253 2758 1335 2793 XIX
1357 2759 1444 2794 1894
1464 2769 1495 2802 p.
1516 2758 1559 2792 37
1579 2768 1657 2802 sqq.
