2001 3099
808 129 1097 168 —51-

185 287 272 329 que
290 270 411 314 enim
428 283 572 324 neges
591 267 722 310 illum
747 273 1047 322 tetragonum
1067 266 1404 309 Chaldaeorum
1426 270 1723 322 conspectum

184 359 216 386 c.
246 347 306 397 11,
339 345 362 384 9
396 339 604 396 pluribus
638 338 789 382 verbis
823 337 1055 394 explicari,
1088 345 1141 380 ut
1173 353 1198 380 a
1230 337 1365 380 nobis
1397 343 1520 380 recte
1552 336 1727 379 intelle-

183 420 326 467 gatur,
357 409 538 454 etiamsi
572 416 711 466 caput
745 413 768 451 8
803 424 892 451 11011
925 410 1142 462 legamus.
1207 422 1487 464 quamquam
1522 413 1594 450 est
1625 421 1728 449 con-

183 483 438 526 cedendum
462 480 601 524 etiam
624 479 672 522 111
690 480 938 522 Tuberone
960 479 1090 522 illam
1113 479 1371 522 doctrinam
1389 478 1725 521 Chaldaeorum

182 554 314 596 facile
345 551 535 609 proferri
568 551 775 608 potuisse
799 550 935 593 sicuti
958 551 1005 593 in
1029 550 1146 593 libro
1169 550 1225 593 de
1248 548 1514 605 astrologia.
1570 555 1725 592 tamen

182 630 303 667 certe
340 623 387 666 in
429 621 684 678 astrologia
716 624 971 666 Varronem
1018 622 1074 664 de
1119 621 1355 664 stellarum
1396 620 1443 662 in
1482 619 1728 662 hominum

182 696 301 738 vitas
332 693 542 750 potentia
575 693 728 749 egisse
761 707 863 735 cum
898 692 1188 747 intellegitur
1222 707 1277 734 ex
1306 690 1497 734 nomine
1528 690 1631 733 libri
1667 690 1728 746 ip-

181 766 277 809 sius
317 772 417 808 tum
455 780 480 808 e
513 763 805 808 Cassiodorio
843 763 1069 807 Senatore
1110 778 1202 805 non
1243 770 1415 806 temere
1453 761 1728 804 concludere

182 835 295 879 mihi
328 835 497 890 videor,
537 835 615 892 qui
647 835 762 877 haec
795 833 1042 889 scripsit¹):
1098 834 1158 876 ‘in
1192 833 1304 889 ipsis
1337 833 1509 890 quippe
1540 831 1730 889 primor-

181 907 268 950 diis
290 906 573 964 opinabilem
595 906 722 949 illam
745 904 1058 949 astronomiae
1081 905 1238 961 posuit
1255 903 1559 960 disciplinam,
1589 917 1728 959 quam

181 977 352 1021 saeculi
385 978 595 1022 doctores
627 976 942 1020 minutissime
964 975 1284 1033 perquirentes
1316 974 1382 1019 ita
1414 974 1729 1018 definiendam

181 1065 280 1093 esse
327 1055 631 1106 putaverunt:
679 1047 962 1092 astronomia
1001 1054 1072 1090 est
1109 1046 1370 1103 disciplina,
1411 1060 1529 1103 quae
1568 1059 1729 1088 cursus

181 1119 449 1164 caelestium
472 1119 676 1164 siderum
700 1127 747 1163 et
775 1120 953 1176 figuras
987 1118 1330 1174 contemplatur
1352 1132 1512 1160 omnes
1536 1124 1582 1160 et
1603 1116 1730 1159 habi-

182 1192 367 1235 tudines
390 1192 630 1235 stellarum
654 1191 775 1234 circa
796 1206 844 1235 se
867 1196 913 1234 et
935 1190 1055 1233 circa
1079 1196 1247 1232 terram
1271 1187 1528 1245 indagabili
1551 1188 1730 1231 ratione.

181 1262 420 1319 percurrit.
484 1263 616 1306 cuius
664 1261 933 1319 operatione
976 1260 1189 1304 sollemni
1229 1274 1403 1303 annum
1450 1258 1730 1316 quadrifaria

182 1341 442 1391 temporum
490 1332 767 1378 divisionem
813 1332 1042 1389 compleri.
1106 1332 1215 1374 hinc
1253 1331 1424 1374 imbres
1463 1331 1575 1384 fieri,
1623 1329 1732 1372 hinc

181 1405 427 1462 perhibent
458 1413 639 1449 terrena
667 1404 909 1461 procreari,
941 1403 1050 1446 hinc
1082 1402 1257 1459 frigora
1279 1401 1450 1457 venire,
1482 1402 1591 1444 hinc
1614 1400 1730 1443 aeris

181 1476 313 1520 aiunt
345 1491 445 1519 esse
477 1475 747 1532 temperiem
787 1481 833 1518 et
865 1473 1088 1531 quidquid
1124 1473 1256 1517 terris
1288 1471 1600 1515 necessarium
1634 1486 1732 1527 pro-

180 1549 334 1602 batur,
372 1547 578 1590 iussione
619 1545 807 1589 Domini
847 1560 1005 1589 earum
1045 1544 1304 1587 ministerio
1342 1558 1475 1600 posse
1516 1542 1730 1599 suppleri.

182 1633 321 1675 quam
355 1617 599 1661 scientiam
623 1624 804 1661 veteres
837 1617 984 1660 nostri
1017 1631 1110 1658 11011
1139 1616 1253 1658 adeo
1284 1615 1606 1671 refugiendam
1632 1628 1732 1655 esse

181 1690 412 1744 dixerunt,
460 1689 682 1745 quamdiu
730 1695 887 1732 tamen
928 1702 1028 1731 esse
1069 1686 1366 1743 cognoscitur
1404 1685 1648 1742 disciplina
1688 1692 1733 1726 01

180 1768 336 1804 11101115
368 1767 598 1804 astrorum
632 1759 833 1803 naturali
865 1759 1179 1802 sollemnitate
1210 1756 1443 1815 perquirit.
1507 1764 1554 1799 at
1586 1756 1658 1798 ubi
1685 1770 1733 1797 se

181 1833 227 1874 111
264 1831 540 1885 astrologiae
563 1837 742 1888 partem
775 1829 927 1873 labilis
951 1845 1074 1872 error
1097 1828 1319 1872 infuderit
1351 1835 1397 1871 et
1420 1827 1539 1871 vitas
1567 1833 1734 1869 morta-

180 1904 297 1946 lium
329 1903 386 1945 de
420 1916 557 1945 cursu
590 1903 829 1945 stellarum
868 1899 1106 1957 putaverit
1137 1899 1440 1956 colligendas,
1480 1906 1592 1942 tunc
1630 1899 1734 1940 abo—

181 1972 402 2028 minandi,
422 1980 534 2016 tunc
552 1973 707 2031 potius
726 1971 849 2015 caeci
867 1979 988 2027 sunt,
1008 1986 1113 2015 cum
1131 1986 1180 2015 se
1198 1971 1450 2014 aestimant
1465 1967 1734 2026 praevidere

183 2060 303 2102 quae
337 2045 526 2088 Creator
562 2043 696 2087 nobis
733 2042 910 2086 utiliter
942 2042 1147 2086 decrevit
1178 2042 1471 2085 abscondere.
1523 2041 1734 2096 planetas

184 2117 324 2159 etiam
346 2117 509 2158 dicunt
541 2122 700 2158 contra
723 2116 882 2171 polum
915 2129 1097 2157 currere
1122 2128 1204 2170 per
1236 2112 1516 2156 certissimos
1538 2118 1733 2154 meatus.

184 2186 404 2230 fabricam
451 2200 635 2243 quoque
683 2186 818 2240 caeli,
866 2200 985 2241 quae
1031 2199 1215 2241 semper
1252 2183 1435 2227 rotabili
1476 2181 1734 2225 mobilitate

185 2273 233 2301 se
275 2256 492 2311 sustinet,
538 2257 708 2299 habere
752 2257 1002 2312 quamdam
1049 2255 1319 2298 harmoniae
1366 2252 1736 2306 delectationem,

186 2344 303 2386 quae
347 2328 503 2371 suavis
547 2334 594 2370 et
631 2328 755 2383 iugis
799 2334 879 2371 est.
942 2327 1022 2370 sed
1061 2342 1144 2370 nos
1188 2325 1408 2382 obsequia
1451 2322 1734 2367 naturalium

185 2415 337 2442 rerum
370 2400 428 2443 ad
452 2399 653 2442 auctoris
686 2399 938 2441 referamus
960 2397 1219 2455 imperium,
1252 2397 1329 2453 qui
1363 2402 1595 2438 creaturas
1628 2409 1735 2436 suas

186 2470 286 2527 ipsa
318 2469 528 2527 potentia
570 2468 657 2512 sibi
697 2484 858 2525 parere
897 2469 1027 2512 iubet
1066 2483 1158 2525 qua
1197 2467 1305 2510 fecit
1345 2466 1568 2509 existere)
1646 2479 1736 2519 ego

189 2541 372 2596 quidem
420 2556 502 2597 pro
550 2547 675 2583 certo
722 2540 870 2583 habeo
917 2538 1259 2582 Cassiodorium
1307 2538 1518 2579 doctores
1565 2536 1736 2578 sacculi

192 2612 517 2668 Pythagoram,
552 2611 927 2664 Eratosthenem,
953 2609 1277 2652 Archimedem
1301 2607 1597 2660 intellexisse,
1631 2621 1735 2648 cum

334 2777 358 2821 ¹)
385 2777 561 2822 expositio
587 2777 622 2811 in
650 2775 779 2812 Psalm.
800 2775 877 2817 148,
903 2775 1028 2821 Migne
1055 2773 1142 2809 LXX
1168 2773 1188 2808 2
1215 2783 1247 2818 p.
1278 2773 1377 2808 1047.

1596 2830 1641 2864 4ss
