2001 3099
808 165 861 169 -
925 142 973 180 21
1044 166 1097 171 a„

176 280 348 336 primis.
398 281 474 336 qui
503 279 552 333 si,
586 287 638 322 ut
661 280 874 334 exemplo
898 286 1094 333 utamur,
1126 279 1171 322 in
1198 296 1251 323 eo
1275 281 1402 335 libro,
1427 297 1516 337 quo
1541 282 1727 325 honoris

177 351 338 407 poetici
378 351 589 407 exempla
627 351 923 403 inlustrabat,
968 357 1187 406 quattuor
1226 352 1432 407 pleiadas
1472 368 1495 394 e
1539 353 1729 396 Graecis

124 456 125 459 η
176 423 324 478 poetis
358 421 705 477 composuisset,
744 427 836 463 tres
878 435 902 463 e
937 421 1173 475 Romanis,
1213 436 1375 477 parum
1416 424 1620 479 profecto
1654 426 1726 467 vel

178 493 467 549 popularium
501 506 690 534 suorum
725 491 966 534 ambitioni
998 493 1070 534 vel
1105 506 1190 535 suo
1223 492 1380 535 sensui
1413 493 1727 538 satisfecisset.

176 578 293 619 quae
326 577 429 605 cum
463 562 528 605 ita
561 562 667 613 sint,
703 563 783 606 vix
815 563 954 605 aliam
979 563 1102 605 viam
1138 564 1347 606 relictam
1384 563 1607 618 videmus,
1641 565 1727 608 nisi

177 641 227 677 ut
271 632 640 690 quattuordecim
688 634 950 690 imaginum
997 633 1138 676 libros
1182 634 1339 679 animo
1385 641 1542 678 nostro
1593 635 1729 679 infor-

175 720 353 748 memus
387 711 567 761 septem
590 705 820 759 dyadibus
853 704 1041 755 divisos,
1076 720 1273 761 quarum
1298 720 1606 763 unaquaeque
1636 723 1728 750 uno

175 777 289 819 libro
335 783 456 819 totas
490 776 694 820 Graecas
739 777 1055 819 hebdomadas
1094 777 1426 832 praemitteret,
1472 778 1616 820 altero
1656 778 1728 821 his

175 854 295 890 totas
330 849 565 890 Romanas
603 848 912 904 subiungeret
951 863 1007 890 ex
1052 847 1226 890 eisdem
1267 849 1342 891 vel
1381 848 1585 891 maxime
1628 848 1729 891 fini-

174 917 298 961 timis
339 917 587 974 generibus
628 919 816 975 petitas:
866 933 969 961 eam
1015 918 1203 975 quidem
1244 919 1290 961 in
1338 920 1540 976 speciem
1580 927 1633 963 ut
1671 921 1726 963 ad

175 989 377 1032 Graecos
421 990 634 1032 homines
679 989 850 1045 integri
896 988 999 1032 libri
1046 992 1103 1032 II.
1140 992 1218 1035 IV.
1253 992 1332 1034 VI.
1368 993 1497 1034 VIII.
1532 993 1589 1034 X.
1623 994 1728 1034 XII.

173 1062 288 1104 XIV
320 1067 593 1116 spectarent,
627 1061 683 1103 ad
717 1063 953 1103 Romanos
983 1059 1156 1117 integri
1191 1063 1275 1104 III.
1303 1064 1353 1105 V.
1389 1064 1495 1105 VII.
1530 1064 1610 1106 IX.
1643 1065 1727 1107 XI.

173 1133 304 1174 XIII.
337 1133 451 1175 XV.'

314 1275 467 1330 Atque
501 1280 553 1316 ut
585 1275 876 1331 exploratum
912 1281 981 1317 est
1012 1274 1274 1317 Ausonium
1312 1275 1358 1317 in
1392 1275 1485 1318 illis
1518 1276 1727 1320 versibus

175 1345 393 1388 Mosellae
411 1343 632 1388 Varronis
652 1345 970 1388 hebdomadas
989 1360 1089 1388 esse
1107 1353 1332 1400 secutum,
1351 1347 1416 1389 ita
1434 1347 1525 1390 iam
1546 1355 1729 1391 constat

173 1416 434 1458 Ausonium
468 1414 514 1457 in
549 1415 904 1471 epigrammatis
938 1416 994 1458 de
1028 1417 1276 1459 duodecim
1302 1417 1578 1461 Caesaribus
1611 1418 1728 1475 prio-

173 1487 299 1529 ribus
332 1487 392 1542 (p.
423 1489 652 1528 183—190
678 1486 822 1543 Peip.)
857 1488 913 1529 ad
947 1486 1161 1530 Suetonii
1186 1487 1450 1543 Tranquilli
1475 1490 1725 1533 Caesarum

173 1558 322 1611 libros,
357 1571 472 1614 quos
505 1556 646 1600 etiam
680 1572 805 1600 nunc
837 1558 1077 1612 habemus,
1111 1574 1159 1601 se
1191 1559 1510 1615 applicavisse.
1570 1576 1728 1618 quain-

174 1628 244 1672 vis
277 1629 390 1671 haec
423 1629 764 1685 epigrammata
796 1630 852 1672 ad
888 1630 1107 1672 Caesares
1140 1630 1422 1687 pertinentia
1462 1631 1519 1674 ab
1553 1632 1727 1689 eclogis

173 1699 401 1753 differant,
442 1714 546 1742 cum
585 1706 722 1756 poeta
755 1699 1104 1756 Burdigalensis
1144 1700 1485 1757 epigrammata
1525 1703 1726 1747 maxime

173 1771 230 1814 ad
270 1778 416 1814 artem
455 1771 695 1813 metricam
736 1770 1100 1826 exercitandam,
1142 1773 1328 1828 eclogas
1368 1780 1525 1816 autem
1565 1775 1622 1817 ad
1656 1791 1727 1818 res

172 1842 295 1898 ipsas
329 1842 626 1898 exponendas
660 1841 906 1898 scripserit,
950 1849 1106 1886 tamen
1141 1859 1165 1886 e
1197 1859 1245 1886 re
1278 1843 1366 1886 erit
1397 1845 1512 1888 haec
1544 1860 1727 1903 quoque

173 1913 512 1969 epigrammata
552 1912 812 1956 accuratius
846 1914 1084 1969 respicere,
1128 1921 1179 1957 ut
1213 1915 1459 1958 lectionem
1495 1923 1540 1960 et
1573 1917 1728 1960 studia

172 1990 337 2040 poetae
382 1984 550 2026 clarius
595 1983 939 2041 perspiciamus.
1003 1992 1144 2042 atque
1189 1987 1277 2029 hoc
1322 1986 1525 2030 maxime
1568 1989 1725 2031 statim

173 2062 381 2111 apparet,
421 2069 523 2097 cum
560 2055 754 2098 Ausonii
790 2070 950 2099 versus
990 2057 1045 2099 de
1084 2059 1178 2099 XII
1215 2057 1491 2101 Caesaribus
1531 2058 1727 2115 scriptos

173 2126 433 2168 accuratius
467 2125 800 2181 examinamus,
848 2127 1208 2183 grammaticum
1249 2129 1633 2186 Burdigalensem
1680 2129 1726 2173 in

172 2197 245 2239 his
277 2197 500 2251 versibus,
533 2196 580 2239 in
615 2197 782 2254 quibus
816 2199 1150 2254 componendis
1189 2214 1238 2242 se
1271 2201 1550 2244 Suetonium
1585 2200 1728 2243 Tran-

173 2268 368 2324 quillum
403 2283 502 2311 esse
534 2276 747 2311 secutum
780 2267 878 2325 ipse
911 2270 958 2311 in
991 2270 1228 2326 prooemio
1263 2273 1325 2323 (v.
1353 2275 1376 2313 4
1400 2286 1441 2327 p.
1481 2275 1559 2314 183
1587 2271 1726 2328 Peip.)

172 2338 403 2393 indicat,¹)
451 2338 708 2382 doctrinam
753 2340 1089 2383 Suetonianam
1140 2340 1278 2384 nimis
1324 2342 1371 2384 in
1420 2349 1574 2386 artum
1623 2357 1726 2386 con-

318 2481 341 2525 l)
368 2491 454 2516 cave
480 2481 602 2517 credas
629 2482 782 2524 titulum,
810 2492 918 2527 quem
943 2493 1068 2518 versus
1098 2484 1164 2518 hac
1190 2485 1305 2519 aetate
1333 2484 1466 2519 ferunt:
1494 2484 1656 2519 ‘Ausonii
1682 2484 1728 2520 de

172 2538 235 2574 XII
263 2539 476 2576 Caesaribus
515 2551 577 2585 per
608 2540 821 2576 Suetonium
852 2541 1095 2586 Tranquillum
1132 2543 1295 2588 scriptis',
1334 2543 1579 2579 auctoritatem
1618 2543 1726 2578 ullam

174 2599 321 2640 habere;
350 2609 467 2643 neque
494 2601 589 2635 enim
616 2600 712 2635 hunc
738 2610 819 2635 esse
845 2602 1056 2646 genuinum,
1083 2612 1164 2637 cum
1192 2612 1211 2637 a
1231 2602 1331 2637 nullo
1357 2602 1480 2637 codice
1506 2602 1727 2646 praebeatur,

172 2668 240 2692 suo
271 2659 345 2692 iure
378 2659 500 2693 monet
525 2659 576 2694 W.
603 2659 772 2701 Brandes,
808 2659 911 2695 Beitr.
945 2670 988 2694 zu
1019 2661 1153 2696 Auson.
1181 2660 1239 2702 IV,
1273 2661 1331 2696 die
1364 2661 1573 2705 Epherneris
1601 2680 1641 2686 w
1669 2663 1727 2696 ein

172 2717 317 2758 Mimus,
342 2716 446 2752 Wiss.
466 2717 552 2753 Beil.
580 2728 610 2753 z.
629 2718 828 2754 Jahresber.
849 2719 912 2754 des
940 2719 1108 2765 Herzogl.
1129 2720 1261 2764 Gymn.
1289 2731 1319 2755 2.
1340 2719 1607 2761 WolienbiitteL
1638 2720 1727 2755 1909

174 2787 207 2820 p.
238 2776 258 2810 7
285 2776 365 2811 adn.
392 2775 423 2811 3.
