2001 3099
870 141 1158 181 *32*

237 281 390 326 verbis
438 281 563 323 illam
615 279 995 324 intercessionem
1036 279 1185 335 ipsam
1226 279 1472 320 mulierum
1513 278 1788 322 Sabinarum

238 359 474 408 raptarum
510 352 715 394 indicare
750 352 962 405 voluerit,
996 365 1127 406 quac,
1160 364 1264 392 cum
1299 349 1498 391 Romani
1533 356 1692 392 contra
1715 350 1792 394 Sa-

239 424 371 467 binos
416 422 730 466 infestissimis
772 422 939 466 animis
979 428 1258 479 pugnarent,
1304 427 1404 463 tum
1442 420 1794 463 multitudinem

240 503 338 539 tum
379 496 519 538 duces
534 497 564 549 ¹)
604 493 978 538 reconciliavisse
1012 492 1242 536 dicuntur.
1307 493 1386 535 sed
1420 491 1468 534 hi
1502 506 1676 535 errores
1707 490 1794 548 ipsi

240 567 551 624 suspicionem
589 566 722 609 nobis
755 566 1036 608 confirmant
1068 571 1254 622 poetam
1288 564 1410 607 hanc
1437 562 1678 606 scientiam
1703 577 1793 605 non

241 654 298 682 ex
332 653 419 682 usu
454 637 579 681 vitae
612 639 685 682 vel
721 653 777 680 ex
810 637 943 680 fastis
979 636 1200 693 temporis
1234 635 1318 690 sui,
1351 635 1433 678 sed
1466 650 1524 677 ex
1555 633 1673 677 libro
1696 634 1797 676 doc-

241 710 390 754 trinae
438 711 588 752 bonae
635 710 773 765 pleno
822 724 915 751 non
963 707 1064 751 sine
1112 707 1268 764 aliqua
1317 704 1528 749 socordia
1574 703 1796 748 hausisse.

242 796 359 838 quae
407 781 611 838 suspicio
659 781 999 837 comprobatur,
1047 779 1085 821 si
1135 780 1347 834 eclogam
1395 791 1501 820 cum
1549 775 1650 819 aliis
1698 775 1799 819 feri-

242 868 373 897 arum
420 851 603 907 tabulis,
653 867 771 909 quae
819 857 1082 909 supersunt,
1131 850 1422 893 conferimus.
1499 849 1618 891 bene
1664 846 1799 890 nobis

243 925 422 979 accidit,
471 925 593 981 quod
636 939 692 967 ex
732 924 819 966 hoc
859 930 1066 979 tempore
1106 921 1218 978 ipso,
1264 935 1355 978 quo
1397 919 1514 964 vixit
1554 917 1799 973 Ausonius,

243 997 350 1040 fasti
384 996 519 1039 nobis
543 1002 652 1038 sunt
676 994 862 1049 servati,
895 994 997 1037 dico
1022 992 1150 1036 Furii
1175 992 1390 1047 Dionysii
1416 989 1651 1045 Philocali,
1686 1004 1800 1046 quos

244 1083 366 1111 anno
405 1083 445 1124 p.
481 1067 585 1111 Chr.
620 1082 660 1110 n.
695 1069 779 1109 354
819 1080 919 1108 esse
958 1064 1153 1121 scriptos
1186 1063 1463 1106 Theodorus
1498 1060 1800 1117 Mommsen2)

244 1138 414 1183 docuit.
484 1146 624 1195 atque
670 1152 774 1180 cum
818 1136 1038 1179 Philocali
1084 1136 1228 1179 fastos
1273 1149 1569 1178 recensemus
1611 1139 1657 1176 et
1695 1147 1800 1175 cum

246 1213 409 1267 ecloga
442 1209 736 1263 conferimus,
774 1214 979 1265 apparet,
1013 1221 1300 1264 quamquam
1332 1205 1380 1248 in
1414 1205 1545 1249 fastis
1581 1203 1801 1247 Philocali

246 1299 339 1326 non
373 1283 523 1325 solum
554 1295 716 1324 omnes
748 1281 843 1323 fere
865 1278 1018 1333 feriae,
1051 1293 1170 1335 quae
1195 1276 1388 1321 Ausonii
1423 1275 1710 1333 temporibus
1738 1274 1804 1317 in—

247 1356 467 1398 sinuante
506 1368 607 1396 sese
645 1351 799 1408 magis
837 1349 1085 1407 magisque
1122 1349 1350 1405 religione
1389 1346 1653 1392 Christiana
1693 1347 1805 1388 cele-

247 1426 515 1479 brabantur,
554 1424 825 1477 afferuntur,
867 1422 947 1465 sed
987 1420 1127 1464 etiam
1168 1435 1261 1463 non
1300 1434 1477 1477 paucae
1516 1418 1656 1461 feriae
1689 1417 1805 1460 anti-

249 1512 377 1554 quae,
426 1510 545 1553 quae
593 1510 685 1538 non
734 1493 827 1537 iam
875 1493 1241 1546 celebrabantur,
1290 1506 1346 1535 ex
1394 1490 1565 1534 tabulis
1607 1488 1804 1546 publicis

251 1567 578 1613 tantummodo
600 1564 852 1610 memoriae
875 1579 1014 1608 causa
1036 1564 1345 1621 proferuntur,
1378 1568 1564 1618 poetam
1588 1574 1805 1615 magnam

251 1641 438 1698 quidem
478 1644 659 1696 partem
698 1636 919 1681 feriarum
954 1635 1001 1678 in
1035 1634 1167 1678 fastis
1201 1640 1578 1678 enumeratarum
1613 1645 1808 1675 comme-

249 1727 441 1766 morare,
480 1711 559 1754 sed
601 1716 757 1753 tamen
797 1708 940 1752 etiam
979 1706 1092 1751 satis
1132 1706 1305 1749 multas
1344 1704 1481 1748 ferias
1520 1705 1668 1747 solum
1708 1717 1807 1759 pro-

252 1786 381 1828 ferre.
445 1782 492 1825 in
527 1781 660 1826 fastis
700 1780 900 1824 redeunt
930 1779 1019 1822 hae
1056 1777 1385 1834 duodeviginti
1418 1775 1570 1830 feriae,
1610 1789 1727 1832 quae
1759 1773 1807 1816 in

252 1857 415 1912 ecloga
453 1854 729 1898 afferuntur:
783 1850 1115 1907 Compitalia3),
1153 1850 1335 1892 Natalis
1386 1847 1615 1902 Herculis,
1669 1843 1809 1901 Regi-

253 1927 451 1983 fugium,
491 1923 627 1968 Isidis
667 1922 926 1979 navigium,
968 1919 1245 1965 Mamnralia
1285 1920 1419 1976 (quae
1452 1919 1638 1962 easdem
1671 1915 1808 1960 ferias

401 2131 427 2174 1)
455 2130 498 2165 ci.
527 2130 600 2165 Liv.
621 2128 630 2163 l
653 2129 706 2171 13,
725 2128 757 2163 4.

399 2202 426 2246 2)
453 2201 492 2237 C.
514 2200 535 2235 1.
558 2201 590 2235 L.
612 2199 643 2234 12
669 2210 701 2245 p.
722 2199 800 2235 254.

401 2273 427 2317 ³)
455 2282 527 2308 non
555 2272 620 2313 est,
647 2281 706 2305 cur
734 2273 901 2305 miremur
927 2268 1142 2314 Compitalia
1169 2268 1265 2313 apud
1284 2266 1505 2302 philocalum
1531 2266 1575 2301 ad
1600 2266 1669 2301 lan.
1689 2265 1720 2301 3.
1739 2265 1771 2300 4.
1790 2266 1812 2300 5

258 2334 363 2369 aiiixa
406 2341 487 2367 esse
528 2331 651 2366 videri.
718 2339 826 2375 quam
869 2339 941 2364 rem
986 2329 1122 2374 optime
1164 2327 1316 2373 explicat
1356 2326 1566 2362 Theodorus
1607 2325 1811 2361 Mommsen

259 2393 298 2428 C.
319 2393 339 2426 l.
362 2393 395 2427 L.
424 2391 461 2426 12
487 2401 520 2436 p.
539 2389 625 2426 305:
659 2389 786 2425 ‘aetate
819 2388 1117 2424 Constantiniana
1149 2388 1193 2422 ad
1226 2386 1304 2422 dies
1336 2385 1406 2421 Ian.
1431 2385 1463 2421 3.
1487 2386 1519 2420 4.
1545 2384 1567 2420 5
1599 2384 1812 2429 Compitalia

259 2452 363 2487 affixa
396 2460 478 2486 esse
511 2449 683 2485 Philocali
716 2448 892 2493 Silviique
924 2447 1005 2483 fasti
1039 2446 1246 2482 ostendunt.
1297 2445 1396 2490 quod
1428 2446 1456 2480 si
1489 2454 1529 2480 ea
1556 2444 1668 2479 nihilo
1695 2445 1813 2478 minus

260 2512 443 2546 Ausonius
469 2509 530 2553 (de
556 2509 618 2544 ier.
648 2509 703 2553 17)
731 2513 767 2542 ct
792 2507 997 2542 Macrobius
1028 2505 1055 2549 (I
1086 2506 1139 2548 16,
1166 2506 1205 2547 6)
1239 2504 1394 2540 referunt
1419 2504 1509 2539 inter
1534 2503 1639 2538 ferias
1664 2513 1814 2547 concep-

260 2571 364 2611 tivaS,
396 2570 457 2604 aut
487 2569 557 2604 hoc
589 2568 750 2603 dicemus
783 2567 899 2612 magis
932 2575 995 2601 eos
1028 2566 1162 2611 legisse
1194 2565 1362 2609 antiquos
1393 2565 1556 2598 auctores
1587 2571 1696 2607 quam
1728 2571 1815 2597 suae

262 2630 387 2664 aetatis
414 2628 542 2670 fastos;
576 2631 636 2662 aut
662 2637 707 2662 eo
733 2628 816 2668 nixi,
850 2625 947 2670 quod
974 2624 1180 2660 Macrobius
1207 2624 1312 2659 adicit
1344 2623 1447 2658 ferias
1473 2622 1703 2667 conceptivas
1727 2631 1814 2665 quo-

263 2689 381 2723 tannis
417 2688 555 2732 concipi
589 2688 623 2721 in
656 2686 735 2721 dies
768 2686 825 2721 vel
858 2688 973 2720 certos
1005 2684 1064 2719 vel
1097 2685 1203 2718 etiam
1237 2684 1401 2724 incertos,
1438 2681 1652 2726 Compitalia
1684 2681 1741 2714 vel
1773 2688 1814 2713 ea

265 2750 379 2782 aetate
406 2748 480 2781 iure
507 2747 718 2791 conceptiva
745 2745 855 2779 fuisse
882 2744 939 2787 (cf.
967 2743 1060 2779 Geli.
1083 2742 1137 2784 10,
1155 2742 1210 2776 24.
1238 2741 1395 2777 Macrob.
1416 2740 1426 2774 Ι
1451 2741 1484 2783 4,
1511 2740 1571 2779 27)
1599 2739 1662 2774 sed
1681 2747 1760 2773 cum
1779 2739 1813 2772 in

265 2806 421 2840 eundem
448 2815 590 2850 semper
617 2805 712 2840 diem
740 2805 877 2848 concipi
906 2803 1074 2844 solerent,
1101 2802 1191 2838 iacta
1218 2811 1298 2836 esse
1323 2799 1593 2844 quodammodo
1619 2797 1731 2833 stata‘.
