2001 3099
784 123 950 161 —31

155 261 533 318 expositionibus,
567 275 684 316 quac
709 261 882 302 multae
916 266 1026 302 sunt
1048 258 1245 313 scriptae
1275 258 1467 313 imperio
1496 260 1703 300 Romano

155 334 358 376 cadente.

422 332 750 375 conferendum
775 332 896 373 enim
922 338 991 372 est
1016 328 1202 371 initium
1222 328 1413 373 Victorii
1438 328 1703 384 argumenti

155 402 457 454 calculandi1)
504 410 549 444 et
588 401 803 444 carminis
843 402 899 443 <le
939 400 1221 456 ponderibus
1257 416 1296 442 v.
1333 403 1380 440 41
1420 403 1554 454 sqq.2)
1600 414 1702 440 cum

157 473 364 516 versibus
397 472 609 515 Ausonii:

297 555 486 600 Victorii
522 563 853 612 argumentum

440 629 709 670 calculandi.

216 699 276 743 Et
319 697 433 740 assis
477 699 680 754 quidem,
729 699 804 754 qui
851 713 929 753 per
980 700 994 738 I

156 769 368 823 litteram,
398 769 518 812 sicut
551 769 596 811 in
621 771 827 812 numeris
853 784 995 811 unum

156 840 288 883 scribi
315 842 441 894 solet,
467 840 751 897 exprimitur,
785 843 876 882 XII
902 855 998 896 par-

156 919 223 954 tes
256 913 414 965 habet,
454 927 647 968 quarum
683 911 719 954 si
753 926 891 954 unam
927 913 997 954 de-

157 983 366 1035 traxeris,
435 982 638 1039 reliquae
707 985 774 1025 XI
846 990 998 1039 partes

155 1054 286 1096 iabus
320 1054 548 1107 dicuntur,
587 1054 664 1097 illa
706 1069 825 1108 vero,
860 1068 999 1110 quam

156 1125 415 1178 detraxisti,
479 1126 522 1167 id
583 1133 653 1168 est
714 1125 999 1178 duodecima,

156 1197 292 1239 uncia
310 1204 512 1240 vocatur.
552 1197 588 1239 si
610 1198 725 1239 duas
744 1197 999 1250 sustuleris,

157 1270 199 1309 X
232 1269 441 1310 residuae
474 1268 655 1320 dextas,
696 1276 741 1311 et
773 1269 895 1324 quod
930 1283 1001 1311 su-

156 1338 346 1392 stulisti,
408 1338 451 1380 id
516 1346 586 1382 est
648 1340 782 1392 duae,
845 1347 1000 1382 sextas

157 1411 429 1466 appellatur.
479 1417 526 1452 at
559 1411 596 1452 si
632 1413 700 1452 III
736 1411 1000 1466 dempseris,

158 1483 296 1525 VIIII
332 1496 448 1536 quae
477 1488 800 1524 remanserunt
822 1482 1000 1535 dodras,

160 1559 205 1594 et
229 1554 297 1594 III
333 1553 547 1608 demptae
572 1553 771 1608 quadras
796 1560 1000 1595 vocatur.

160 1624 281 1679 quod
321 1622 357 1665 si
393 1625 487 1664 IIII
529 1624 688 1666 tollere
720 1623 846 1676 velis,
887 1625 1001 1667 VIII

160 1693 359 1750 reliquas
390 1695 569 1736 bessem
601 1702 646 1737 et
671 1696 765 1736 IIII
792 1695 1006 1737 trientem

161 1764 431 1807 nominabis.
482 1767 522 1808 V
546 1780 654 1808 vero
687 1766 882 1808 sublatis
917 1767 1005 1809 VII

159 1836 367 1879 residuas
386 1844 658 1892 septuncem
677 1844 723 1879 et
740 1839 782 1880 V
800 1838 1008 1879 sublatas

161 1907 467 1964 quincuncem
530 1908 706 1963 placuit
769 1908 1007 1965 appellari.

163 1993 267 2021 cum
311 1994 391 2035 per
444 1977 649 2021 medium
703 1978 842 2021 fuerit
889 1980 1010 2022 facta

163 2049 341 2104 divisio,
357 2056 608 2105 utrumque
623 2049 868 2092 dimidium
887 2049 1009 2092 senis

164 2121 371 2177 partibus
390 2128 608 2163 constans
624 2120 863 2163 semissem
880 2136 1010 2163 voca-

166 2200 350 2245 verunt;
392 2192 574 2234 unciam
611 2198 767 2233 autem
802 2198 848 2233 et
881 2191 1008 2233 dimi-

165 2262 287 2304 diam
321 2263 621 2316 sescunciam,
654 2263 912 2318 unciaeque
945 2263 1009 2304 di-

168 2332 361 2376 midium
394 2332 694 2376 semunciam.

1115 555 1259 596 Carni.
1295 554 1350 596 de
1383 554 1664 608 ponderibus

1258 642 1296 668 v.
1331 628 1384 666 45
1420 639 1514 680 sqq.

1274 696 1310 738 si
1369 695 1512 737 librae

1132 767 1288 809 dixere
1321 767 1564 816 deuncem;

1074 854 1125 881 ac
1168 839 1204 880 si
1259 844 1518 880 sextantem
1571 844 1707 880 retra-

1133 910 1228 962 has,
1247 909 1333 951 erit
1354 908 1431 950 ille
1447 907 1662 950 decuucis
1676 912 1707 961 ³)

1074 982 1151 1023 sed
1192 981 1373 1022 nullum
1416 980 1592 1035 reliquo
1632 995 1708 1022 no-

1132 1067 1238 1094 men
1270 1052 1507 1094 semuncia
1530 1058 1706 1093 certum

1074 1123 1412 1180 demptadabit‚
1428 1137 1578 1178 neque
1591 1136 1708 1178 quae

1134 1202 1203 1237 est
1220 1195 1360 1236 huius
1379 1193 1618 1236 sescuncia
1635 1192 1709 1236 tri-

1133 1267 1254 1322 plex.

1075 1338 1347 1379 dodrantem
1380 1336 1609 1392 reliquum
1636 1350 1709 1377 vo-

1135 1408 1280 1450 citant
1337 1407 1594 1463 quadrante
1648 1420 1711 1448 re-

1138 1487 1299 1531 tracto;

1077 1565 1274 1605 cumque
1299 1549 1441 1592 triens
1462 1547 1593 1601 desit,
1618 1548 1714 1589 bes-

1138 1635 1234 1663 sem
1259 1621 1416 1662 dixere
1441 1618 1626 1675 priores.

1083 1693 1203 1734 idem
1250 1698 1523 1747 septuncem
1565 1690 1719 1745 demp-

1143 1772 1188 1806 to
1204 1762 1463 1818 quincunce
1478 1767 1716 1804 vocarunt.

1085 1842 1189 1891 post
1219 1834 1333 1876 haec
1357 1832 1562 1875 semissis
1585 1830 1718 1873 solidi

1144 1919 1248 1962 pars
1283 1903 1486 1946 maxima
1519 1904 1678 1955 fertur3

1084 1991 1193 2019 nam
1228 1990 1346 2032 quae
1374 1973 1618 2016 dimidium
1649 1988 1720 2015 su-

1143 2051 1719 2104 peratparsessenegatur,

1085 2127 1136 2162 ut
1166 2119 1324 2161 docuit
1357 2117 1486 2159 tenui
1514 2116 1718 2158 scribens

1143 2190 1189 2232 in
1225 2190 1418 2245 pulvere
1452 2189 1598 2229 Musa.

1084 2270 1237 2305 cetera
1280 2260 1403 2302 dicta
1455 2258 1583 2314 prius
1626 2258 1720 2312 qui-

1142 2328 1719 2375 busestsemunciamaior.

1074 697 1208 738 uncia
1577 695 1706 746 desit,

312 2466 335 2506 ¹)
361 2465 499 2501 Metrol.
527 2466 643 2510 script.
672 2467 727 2501 ed.
755 2465 908 2500 Hultsch
936 2464 962 2499 11
990 2474 1022 2509 p.
1051 2464 1107 2499 87.

311 2525 336 2567 ²)
364 2524 515 2560 Hultsch
542 2526 563 2559 1.
583 2536 610 2559 c.
631 2535 662 2569 p.
684 2525 729 2559 90
747 2534 800 2569 sq.
828 2533 917 2559 cave
944 2533 988 2558 ne
1015 2525 1121 2558 etiam
1149 2531 1290 2558 carmen
1309 2521 1417 2556 Anth.
1440 2520 1496 2554 lat.
1517 2519 1596 2560 741,
1623 2520 1721 2563 quod

169 2585 222 2618 est
248 2584 292 2618 de
318 2584 404 2619 libra
430 2588 464 2619 et
490 2585 649 2629 partibus
668 2585 756 2625 eius,
795 2584 852 2618 hic
878 2583 1016 2617 afferas
1045 2583 1114 2617 hoc
1133 2583 1227 2616 enim
1247 2580 1366 2615 medio
1385 2589 1476 2614 aevo
1493 2578 1721 2613 tribuendum

170 2652 250 2677 esse
276 2644 310 2677 et
335 2653 354 2677 a
380 2643 546 2678 Fulberto
573 2642 786 2678 Carnotensi
813 2644 986 2686 episcopo
1013 2642 1253 2685 compositum
1287 2638 1429 2674 codices
1456 2639 1572 2672 testari
1600 2640 1721 2672 monet

170 2702 270 2736 Aem.
292 2701 483 2743 Baehrens,
510 2702 634 2741 Rhein.
662 2701 757 2736 Mus.
776 2700 895 2736 XXXII
926 2700 1014 2735 1877
1041 2710 1074 2744 p.
1101 2699 1179 2734 225.

313 2761 341 2803 3)
369 2760 410 2794 cf.
438 2760 489 2795 W.
509 2760 638 2802 Christ,
666 2760 789 2799 Rhein.
810 2759 901 2794 Mus.
930 2759 989 2793 XX
1017 2758 1107 2794 1865
1134 2769 1166 2803 p.
1193 2758 1239 2793 66
1266 2767 1317 2801 sq.
