2001 3099
371 281 582 324 videmus
616 281 732 323 duos
766 287 926 337 poetas
960 294 1051 323 non
1086 281 1234 323 solum
1270 281 1404 325 nobis
1433 281 1618 325 easdem
1656 296 1781 324 men—

228 353 346 394 sium
371 352 681 406 etymologias
706 352 898 406 tradere,
932 352 1009 394 sed
1035 352 1175 394 etiarn
1199 367 1291 394 non
1314 367 1416 395 raro
1438 352 1603 396 iisdem
1630 352 1780 396 verbis

227 431 272 465 et
309 423 554 466 sententiis
592 422 674 465 uti.
739 430 934 478 uterque
967 423 1143 465 orditur
1177 438 1203 465 a
1236 423 1388 467 verbis
1420 425 1620 476 Prz'mm,
1658 425 1779 467 Iane.

226 494 348 550 apud
388 501 640 551 utrumque
678 494 872 537 verbum
920 495 1123 536 manibus
1162 495 1322 537 eodem
1369 509 1532 538 versus
1576 496 1677 538 1000
1716 494 1782 537 iu-

226 565 450 609 venimus.
498 572 694 622 uterque
727 565 773 608 in
799 566 1017 622 Augusto
1051 581 1209 609 mense
1242 566 1518 622 explicando
1550 565 1781 610 adiectivo

228 643 468 679 samareus
501 636 659 680 utitur.
723 643 920 693 uterque
952 637 1094 680 verba
1127 638 1375 681 coniuncta
1397 639 1568 680 Bacchi
1598 653 1782 680 mzmerc

226 707 416 751 adhibet
465 722 613 765 eaque
660 709 820 751 eodem
868 723 1030 752 versus
1070 709 1180 751 loco.
1250 709 1307 751 ab
1348 716 1546 765 utroque
1580 710 1780 752 October

224 781 370 821 lassus
414 779 591 822 dicitur.
657 779 860 836 denique
898 787 1094 835 uterque
1132 779 1178 821 in
1221 780 1463 822 Decembri
1505 780 1780 836 explicando

226 852 418 894 verbum
454 852 668 893 concludo
699 858 903 907 usurpat.
950 852 1074 893 hunc
1099 852 1344 894 verborum
1369 859 1645 895 concentum
1671 866 1779 895 casu

224 922 436 966 evenisse
479 937 617 965 nemo
661 921 861 979 putabit.
932 929 1071 978 atque
1117 937 1221 965 cum
1257 922 1453 965 Ausonii
1492 937 1654 966 versus
1693 923 1779 965 ele-

225 994 463 1049 gantiores
508 1001 554 1036 et
599 994 935 1037 commodiores
981 1008 1080 1037 esse
1126 994 1388 1048 videantur,
1435 993 1531 1038 veri
1577 1008 1672 1037 non
1711 1001 1781 1037 est

222 1064 457 1120 dissimile,
510 1072 696 1122 poetam
750 1080 1039 1121 anonymum
1079 1065 1340 1109 Ausonium
1387 1081 1486 1109 esse
1532 1064 1778 1109 imitatum.

222 1151 373 1193 neque
411 1151 522 1180 vero
561 1136 656 1180 scio
695 1151 753 1179 an
793 1138 882 1179 hoc
921 1151 1105 1179 carmen
1147 1135 1289 1180 etiam
1322 1138 1379 1180 ab
1420 1136 1627 1181 Ausonio
1666 1136 1779 1193 ipso,

222 1209 300 1264 qui
345 1223 393 1251 se
426 1207 580 1265 ipsum
619 1207 902 1262 imitabatur,
943 1207 1004 1251 sit
1042 1207 1363 1265 compositum.
1427 1209 1549 1265 quod
1591 1224 1644 1252 eo
1684 1208 1779 1252 veri

222 1279 419 1322 similius
453 1286 535 1334 est,
568 1293 673 1322 cum
707 1279 909 1322 sciamus
932 1279 1194 1321 Ausonium
1229 1280 1286 1322 de
1309 1279 1412 1323 aliis
1436 1294 1620 1336 quoque
1642 1279 1779 1322 rebus

221 1350 389 1393 iterum
443 1357 583 1406 atque
634 1350 802 1394 iterum
851 1365 1014 1394 versus
1068 1350 1289 1405 secisse1).
1367 1365 1521 1407 neque
1573 1351 1667 1394 scio
1719 1366 1776 1393 an

224 1440 264 1466 v.
305 1426 353 1464 18
402 1423 548 1465 velate
594 1423 693 1477 iam,
742 1437 824 1478 pro
864 1437 955 1478 quo
996 1421 1183 1465 Riesius
1226 1421 1435 1479 reposuit
1474 1423 1574 1465 vela
1612 1426 1778 1478 legant,

221 1493 281 1537 sit
319 1494 574 1537 tenendum
611 1494 918 1550 syllabaeque
950 1494 1040 1536 hae
1074 1520 1127 1523 —
1162 1518 1189 1536 o
1221 1519 1248 1536 υ
1284 1520 1337 1524 -—
1372 1494 1467 1537 sint
1504 1493 1777 1536 metiendae.

219 1566 341 1621 quod
375 1565 488 1608 mihi
522 1580 616 1607 non
650 1565 898 1608 abhorrere
931 1565 1116 1608 videtur
1151 1565 1208 1607 ab
1243 1564 1463 1615 Ausonio,
1507 1565 1584 1622 qui
1619 1565 1778 1608 multis

219 1635 320 1680 aliis
359 1651 545 1694 quoque
583 1636 694 1679 locis
732 1635 975 1692 prosodiae
1013 1650 1244 1679 summam
1289 1635 1383 1680 vim
1425 1637 1641 1689 attulit2).
1688 1651 1779 1692 qua

219 1723 276 1749 ex
323 1722 371 1751 re
416 1708 638 1764 sequitur,
686 1714 739 1751 ut
785 1706 833 1750 hi
882 1722 1044 1751 versus
1093 1706 1326 1765 anonymi,
1380 1708 1458 1764 qui
1512 1722 1620 1750 casu
1671 1722 1779 1764 quo-

219 1780 327 1822 dam
372 1778 421 1822 in
469 1778 652 1822 schedis
701 1794 819 1836 quae
867 1778 1089 1822 dicuntur
1138 1778 1439 1822 Peirescianis
1485 1778 1620 1822 nobis
1669 1785 1780 1822 sunt

219 1849 435 1905 traditi3),
478 1865 571 1893 non
611 1850 740 1907 prius
778 1864 916 1907 quarn
950 1850 1147 1896 Ausonii
1188 1865 1350 1893 versus
1390 1850 1485 1893 sint
1516 1849 1778 1906 compositi;

219 1929 264 1965 et
296 1922 530 1965 sententia
563 1920 750 1964 Aemilii
786 1921 1020 1964 Baehrens
1053 1922 1240 1965 videtur
1273 1922 1515 1964 abicienda
1548 1936 1661 1975 esse,
1701 1921 1777 1977 qui

218 1992 381 2047 dixit4)
419 2007 577 2036 versus
613 1995 812 2049 ‘propter
845 1991 1062 2036 dictionis
1095 1993 1293 2035 nitorem
1319 1993 1635 2048 decoremque‘
1668 1998 1779 2034 tem-

218 2064 316 2120 pori
349 2065 596 2120 Augusteo
637 2078 737 2107 esse
783 2063 1118 2108 attribuendos.
1184 2070 1337 2106 cetera
1377 2070 1532 2106 autem
1574 2063 1778 2106 carmina

218 2135 535 2191 Anthologiae
575 2134 758 2189 latinae,
802 2151 921 2191 quae
962 2136 1019 2178 ad
1052 2150 1237 2178 menses
1270 2134 1517 2190 pertinent,
1557 2150 1648 2177 non
1684 2141 1777 2177 tarn

217 2214 316 2249 arta
363 2206 595 2249 affinitate
636 2221 739 2249 cum
782 2207 956 2262 eclogis
998 2207 1177 2249 Ausoni
1217 2213 1327 2249 sunt
1366 2205 1626 2260 coniuncta,
1671 2220 1774 2248 cum

217 2277 307 2320 alia
354 2277 586 2321 mensium
635 2277 868 2333 imagines
919 2278 1194 2332 describant,
1242 2291 1361 2333 quae
1409 2276 1613 2319 carmina
1657 2276 1778 2319 inter

216 2351 440 2407 ἐκφράσεις
470 2350 759 2392 numeranda
793 2356 914 2402 sunt,
946 2355 999 2391 ut
1033 2350 1169 2391 Anth.
1194 2349 1269 2392 lat.
1303 2363 1336 2391 c.
1366 2352 1445 2391 117
1480 2354 1526 2391 et
1548 2351 1644 2402 395,
1677 2348 1778 2406 alia,

216 2435 400 2463 menses
439 2421 695 2463 secundum
742 2427 953 2475 tempora
998 2426 1044 2462 et
1084 2419 1421 2475 agriculturam
1468 2419 1767 2474 distinguant

218 2499 269 2533 ut
293 2491 435 2535 Anth.
458 2492 535 2534 lat.
561 2506 594 2533 c.
623 2494 718 2545 673,
752 2491 980 2533 nonnulla
1005 2505 1251 2533 numerum
1277 2489 1455 2533 dierum
1484 2490 1777 2545 singulorum

363 2623 388 2664 ¹)
416 2621 457 2656 cf.
479 2631 510 2656 e.
530 2631 564 2667 g.
593 2622 852 2667 epigrammata
880 2622 925 2656 de
952 2621 1046 2660 Rufo
1072 2621 1213 2656 rhetore
1239 2623 1287 2665 (p.
1307 2621 1376 2656 314
1390 2631 1443 2666 sq.
1461 2621 1510 2666 Ρ.)

360 2681 386 2724 2)
415 2680 457 2715 cf.
476 2681 527 2715 Fr.
548 2681 647 2715 Marx
668 2681 763 2725 apud
792 2680 1097 2725 Pauly-wissowa
1125 2679 1150 2714 11
1170 2690 1202 2724 pr
1224 2680 1327 2715 2579.

359 2740 387 2782 ³)
413 2739 454 2774 cf.
475 2739 519 2774 Η.
540 2739 710 2781 Schenkl,
738 2740 946 2775 Festschrift
972 2740 1025 2774 fur
1052 2739 1096 2774 O.
1125 2740 1308 2774 Benndorf
1333 2750 1366 2784 p.
1386 2740 1431 2774 29
1449 2750 1526 2784 sqq.

358 2799 385 2842 ⁴)
413 2798 448 2833 P.
470 2798 505 2833 L.
525 2798 573 2833 M.
593 2797 604 2832 I
624 2798 703 2833 204.
