2001 3099
913 181 964 185 w
1031 157 1084 196 38
1150 180 1203 185 ,,-,,

279 297 457 341 accedit
501 297 660 354 quod')
706 303 752 339 et
791 302 1072 352 argumento
1112 310 1217 338 cum
1259 296 1336 348 eis,
1384 310 1503 351 quae
1543 297 1839 351 antecedunt,

279 384 415 412 nemo
461 368 667 424 negabit.
736 366 997 410 doctrinam
1043 366 1299 411 Censorino
1347 382 1374 409 a
1418 368 1627 410 Varrone
1676 382 1840 424 suppe-

279 440 474 483 ditatam
518 454 619 482 esse
657 439 750 481 iam
789 440 840 481 A.
878 438 1022 480 Hahn
1039 439 1070 493 1)
1109 436 1241 482 vidit.
1305 452 1457 494 neque
1498 452 1609 480 vero
1649 437 1736 480 nisi
1776 438 1841 480 in-

278 511 467 554 firmum
500 517 835 567 argumentum
862 510 1026 552 afferre
1049 509 1183 552 nobis
1217 509 1417 563 videtur,
1450 523 1555 551 cum
1579 516 1769 552 moneat
1791 510 1838 552 in

280 598 311 626 c.
342 587 391 625 13
426 597 571 638 aeque
605 588 745 638 atque
778 581 825 623 in
861 596 897 624 c.
928 584 991 635 ll,
1024 580 1146 636 quod
1181 580 1237 622 ad
1263 578 1486 624 Varronis
1517 579 1839 636 logistoricum

279 654 426 697 redire
460 659 654 707 constat,
688 652 992 708 symphonias
1026 658 1118 694 tres
1153 652 1220 693 διὰ
1252 653 1477 707 τεσσάρων,
1511 652 1582 694 διὰ
1615 654 1749 700 πέντε,
1774 653 1839 693 διὰ

277 731 430 769 πασῶν
448 723 810 768 commemorari.
834 723 959 779 fugit
974 723 1099 765 hunc
1118 721 1269 765 virum
1289 722 1478 765 doctum
1499 721 1839 766 Cassiodorium

279 795 597 853 Senatorem2)
637 793 771 837 nobis
804 809 898 836 non
939 794 1091 836 solum
1133 793 1314 836 tradere
1354 793 1664 836 Censorinum
1708 792 1784 836 hic
1817 810 1842 836 a

281 871 490 912 Varrone
521 867 736 923 pendere,
774 866 855 909 sed
894 864 1036 908 etiam
1076 863 1190 907 satis
1222 865 1466 921 perspicue
1500 865 1714 919 indicare,
1751 879 1842 921 quo

280 957 303 983 c
342 940 460 982 libro
500 936 721 982 Varronis
763 935 1045 980 Censorinus
1090 936 1318 979 hauserit:
1368 938 1387 979 ‘.
1422 971 1430 980 .
1460 970 1469 979 .
1500 970 1543 978 ..
1584 936 1843 992 geometria

283 1012 451 1056 Latine
484 1009 654 1053 dicitur
686 1015 835 1052 terrae
868 1006 1110 1062 dimensio,
1145 1006 1368 1064 quoniam
1400 1021 1483 1063 per
1516 1007 1724 1051 diversas
1757 1009 1843 1050 ior-

281 1098 380 1125 1nas
413 1082 561 1139 ipsius
594 1079 878 1136 disciplinae,
912 1086 965 1122 ut
987 1078 1201 1121 nonnulli
1225 1076 1399 1133 dicunt,
1431 1078 1635 1134 primum
1659 1080 1844 1136 Aegyp-

282 1162 356 1197 tus
389 1152 592 1196 dominis
625 1151 824 1209 propriis
857 1151 1003 1194 fertur
1037 1164 1138 1193 esse
1170 1151 1358 1206 partita3
1399 1148 1531 1192 cuius
1569 1149 1843 1207 disciplinae

282 1223 495 1281 magistri
548 1237 784 1267 mensores
833 1228 942 1265 ante
991 1220 1280 1264 dicebantur.
1357 1221 1437 1263 sed
1487 1223 1658 1265 Varro
1706 1221 1845 1278 peri-

284 1295 533 1340 tissimus
558 1295 885 1341 Latinorum
918 1292 1058 1336 huius
1083 1292 1287 1336 nominis
1310 1306 1499 1335 causam
1522 1293 1588 1336 sic
1611 1292 1845 1336 exstitisse

282 1373 633 1411 commemorat:
675 1364 833 1409 dicens
872 1363 1001 1421 prius
1041 1364 1230 1421 quidem
1275 1363 1490 1407 homines
1530 1363 1844 1407 dimensiones

284 1447 509 1483 terrarum
544 1435 757 1482 terminis
790 1435 969 1493 positis,
1002 1434 1289 1491 vagantibus
1322 1435 1520 1492 populis,
1552 1435 1679 1492 pacis
1713 1436 1846 1478 utilia

282 1509 589 1568 praestitisse3
613 1507 783 1552 deinde
807 1508 951 1551 totius
975 1507 1087 1565 anni
1113 1506 1338 1549 circulum
1355 1507 1631 1549 menstruali
1653 1522 1845 1550 numero

283 1582 424 1626 fuisse
448 1580 661 1639 partitos;
686 1580 810 1623 unde
834 1586 880 1623 et
901 1578 990 1635 ipsi
1013 1592 1207 1633 menses,
1232 1578 1355 1635 quod
1381 1592 1560 1621 annum
1580 1578 1846 1632 metiantur,

283 1655 392 1697 dicti
433 1659 556 1697 sunt.
620 1666 784 1696 verum
822 1658 1073 1708 postquam
1106 1650 1197 1693 ista
1230 1656 1412 1706 reperta
1444 1655 1567 1704 sunt,
1607 1650 1845 1706 provocati

284 1724 482 1769 studiosi
515 1724 573 1767 ad
606 1724 687 1766 illa
719 1721 976 1766 invisibilia
1000 1721 1327 1778 cognoscenda
1350 1726 1605 1777 coeperunt
1627 1735 1847 1777 quaerere

284 1804 459 1854 quanto
507 1795 659 1853 spatio
707 1810 734 1838 a
780 1801 901 1837 terra
946 1794 1070 1847 luna,
1109 1808 1136 1835 a
1174 1793 1285 1835 luna
1324 1793 1392 1835 sol
1431 1792 1530 1849 ipse
1570 1790 1764 1836 distaret
1802 1799 1849 1836 et

285 1884 431 1925 nsque
471 1867 528 1910 ad
568 1866 793 1910 verticem
834 1864 950 1908 caeli
990 1870 1166 1921 quanta
1199 1878 1248 1906 se
1279 1877 1501 1906 mensura
1543 1863 1847 1918 distenderet3

285 1940 406 1997 quod
447 1937 753 1996 peritissimos
793 1941 1059 1994 geometras
1092 1941 1329 1978 assecutos
1363 1949 1464 1978 esse
1498 1941 1846 1978 commemorat.

285 2019 397 2055 tunc
449 2017 495 2054 ct
547 2009 885 2052 dimensionem
940 2005 1186 2051 universae
1238 2013 1387 2049 terrae
1432 2006 1661 2062 probabili
1710 2007 1848 2049 refert

285 2082 464 2125 ratione
504 2082 766 2130 collectam3
806 2078 1004 2136 ideoque
1042 2079 1217 2122 facturn
1257 2084 1338 2132 est,
1379 2084 1432 2120 ut
1469 2076 1715 2134 disciplina
1747 2078 1848 2135 ipsa

286 2152 572 2210 geometriae
612 2166 782 2194 nomen
824 2148 1065 2206 acciperet,
1106 2149 1229 2206 quod
1270 2163 1351 2205 per
1384 2149 1569 2192 saecula
1601 2149 1744 2204 longa
1776 2162 1849 2191 cu-

285 2225 441 2268 stodit.
508 2225 663 2268 Unde
697 2223 1036 2267 Censorinus
1069 2220 1116 2264 in
1149 2221 1267 2264 libro
1301 2235 1438 2277 quem
1472 2219 1656 2276 scripsit
1695 2221 1752 2262 ad
1792 2222 1847 2274 Q.

287 2296 546 2350 Cerellium,
570 2295 721 2352 spatia
744 2293 845 2351 ipsa
863 2294 977 2336 caeli
997 2300 1236 2349 terraeque
1255 2292 1484 2335 ambitum
1503 2306 1584 2348 per
1603 2306 1847 2334 numerum

286 2367 543 2411 stadiorum
578 2367 799 2410 distincta
832 2364 1101 2408 curiositate
1136 2363 1448 2420 descripsit.
1504 2377 1642 2419 quem
1672 2361 1710 2405 si
1746 2361 1849 2418 quis

435 2524 462 2566 ¹)
491 2523 511 2557 l.
532 2533 560 2557 c.
582 2533 615 2567 p.
639 2521 690 2556 15.

430 2583 457 2626 2)
484 2582 529 2617 de
556 2582 690 2616 artibus
717 2591 757 2616 ac
783 2581 981 2625 disciplinis
1007 2579 1206 2614 liberalium
1234 2579 1426 2613 litterarum
1453 2588 1529 2622 cap.
1549 2578 1582 2619 6,
1608 2577 1706 2621 quod
1733 2581 1788 2612 est
1806 2578 1851 2612 de

287 2643 484 2686 geometria
516 2641 670 2686 (Migne,
701 2641 790 2676 Patr.
820 2640 878 2675 lat.
908 2639 994 2674 LXX
1021 2640 1041 2674 2
1068 2649 1100 2683 p.
1133 2639 1247 2681 1213).
1298 2640 1367 2673 iarn
1394 2638 1444 2672 Fr.
1465 2636 1682 2672 Ritschelius
1709 2638 1849 2681 (opusc.

289 2702 329 2736 111
349 2712 383 2747 p.
403 2701 486 2743 352¹)
513 2702 548 2736 et
574 2701 623 2736 Μ.
650 2701 822 2736 Manitius
849 2700 995 2744 (Laicin.
1026 2699 1088 2733 Lit.
1117 2699 1181 2733 des
1208 2698 1432 2733 Mittclaltcrs
1451 2708 1483 2742 p.
1504 2697 1548 2731 47
1568 2696 1648 2731 adn.
1668 2696 1703 2739 4)
1730 2696 1848 2731 locum

288 2761 506 2797 Cassiodorii
535 2761 703 2796 Varronis
735 2760 1000 2804 disciplinarum
1037 2759 1126 2794 libro
1167 2759 1212 2793 dc
1238 2758 1435 2803 geometria
1461 2756 1744 2797 vindicaverunt,
1771 2765 1849 2790 cum

288 2820 526 2857 Censorinum
553 2820 798 2865 neglegerent.
