2001 3099
858 130 1148 169 ...78-

220 271 318 313 XV.
357 269 483 312 XVI.
517 269 668 313 XVII.
717 269 939 325 XV1111).
988 270 1153 313 XVIII
1195 271 1215 310 Ι
1254 268 1470 313 Suetonii
1516 268 1776 312 doctrinam

219 341 432 395 referant,
480 338 753 397 praesertim
801 354 908 382 cum
957 340 1105 382 multa
1155 354 1259 383 cum
1300 339 1464 385 Servio
1514 347 1559 383 et
1599 340 1777 383 Isidoro

221 410 470 454 concinant
480 414 524 463 ²).

362 489 518 537 restat,
563 488 616 526 ut
647 496 796 539 pauca
835 483 978 527 verba
1021 483 1078 526 de
1122 483 1214 527 illis
1253 482 1466 527 versibus
1506 481 1670 538 Quinti
1710 483 1778 528 Ci-

221 553 400 597 ceronis
438 553 618 609 addam,
664 554 743 610 qui
781 553 903 597 inter
941 554 1027 597 has
1067 556 1254 611 eclogas
1294 553 1429 598 nobis
1468 560 1580 597 sunt
1619 569 1779 597 nume-

220 624 352 669 randi
387 631 434 668 et
464 625 592 668 hunc
614 624 807 669 titulum
831 626 1042 683 amplum
1065 626 1308 682 praebent:
1343 624 1521 681 ‘Quinti
1546 625 1779 669 Ciceronis

220 696 267 739 hi
302 710 467 741 versus
500 710 553 739 eo
586 695 834 753 pertinent,
873 702 927 740 ut
965 697 1089 754 quod
1123 697 1312 754 signum
1348 711 1439 754 quo
1473 703 1682 754 tempore
1713 697 1780 739 in-

220 769 365 812 lustre
388 766 450 811 sit
471 766 755 824 noverimus,
785 769 907 825 quod
930 767 1141 823 superius
1165 783 1351 826 quoque
1373 767 1544 812 nostris
1566 767 1779 812 versibus

222 839 492 896 expeditur)
525 839 651 882 hunc
684 838 875 883 titulum
908 854 1010 883 esse
1043 840 1304 896 genuinum
1339 855 1363 882 e
1395 854 1593 897 persona
1618 838 1780 896 prima,

221 926 311 968 qua
334 917 473 968 poeta
489 910 537 953 in
557 911 693 954 titulo
710 910 812 967 ipso
834 911 993 966 utitur,
1017 911 1311 969 intellegitur
1321 911 1370 968 ³).
1393 911 1551 968 itaque
1569 910 1780 968 quaestio

220 982 378 1038 oritur,
421 997 512 1039 qua
550 982 608 1025 de
647 997 788 1026 causa
826 982 1065 1027 Ausonius
1104 983 1190 1026 hos
1228 997 1391 1027 versus
1430 982 1551 1026 inter
1592 983 1780 1039 eclogas

221 1070 328 1098 suas
373 1053 611 1110 receperit.
653 1054 729 1097 hic
768 1053 938 1098 iterum
980 1053 1243 1098 Fridericus
1284 1054 1465 1111 Marx⁴)
1504 1060 1628 1097 recte
1666 1052 1781 1095 iudi-

221 1141 349 1170 casse
386 1125 501 1169 mihi
542 1125 741 1181 videtur,
781 1140 887 1169 cum
928 1125 1193 1183 suspicetur
1230 1126 1316 1169 hos
1356 1139 1519 1170 versus
1557 1139 1639 1181 per
1669 1125 1782 1169 Sue-

221 1197 416 1253 tonium,
449 1211 588 1254 quem
620 1197 858 1241 Ausonius
890 1196 968 1241 hic
1000 1198 1243 1253 exscribat,
1281 1212 1383 1241 esse
1415 1204 1636 1241 servatos.

364 1342 463 1384 Iam
496 1354 799 1399 properemus
824 1341 882 1384 ad
916 1355 1017 1384 eam
1053 1341 1278 1397 eclogam,
1310 1354 1429 1397 quae
1455 1340 1664 1383 omnium
1690 1341 1781 1383 Au-

222 1412 338 1456 sonii
373 1412 641 1468 eclogarum
679 1412 805 1455 haud
845 1411 940 1455 scio
979 1427 1037 1455 an
1073 1411 1288 1455 videatur
1319 1410 1645 1468 disquisitione
1682 1426 1781 1455 esse

221 1482 500 1540 dignissima
539 1490 585 1527 et
623 1490 905 1540 argumento
944 1490 991 1527 et
1031 1482 1164 1539 copia
1203 1482 1542 1526 sententiarum
1575 1482 1782 1526 inscribi-

223 1563 391 1612 turque
432 1555 489 1598 de
530 1554 656 1598 {eriis
702 1553 929 1598 Romanis
974 1557 1032 1611 (p.
1072 1558 1150 1597 104
1191 1569 1255 1610 sq.
1292 1554 1369 1612 R).
1424 1553 1633 1611 quisquis
1678 1568 1780 1597 eam

369 1724 395 1767 ¹)
423 1725 458 1759 in
484 1724 552 1759 hac
577 1723 704 1770 ecloga
731 1723 858 1759 lacuna
885 1724 949 1757 est.
978 1731 1019 1757 ea
1046 1724 1166 1757 autem
1193 1732 1213 1757 a
1238 1721 1372 1758 Vineto
1397 1722 1432 1758 et
1455 1721 1651 1769 Scaligero,
1689 1731 1782 1767 quos

223 1785 378 1820 editores
404 1784 512 1819 huius
538 1784 665 1819 aetatis
691 1783 775 1818 sunt
792 1783 917 1825 secuti,
944 1782 1035 1817 falso
1053 1782 1133 1817 loco
1151 1783 1205 1817 est
1223 1782 1386 1818 indicata.
1429 1792 1510 1817 nam
1530 1782 1613 1827 post
1637 1791 1781 1817 versum

223 1845 377 1886 tertium,
415 1853 488 1878 non
515 1844 681 1888 quintum
718 1842 811 1878 duos
849 1841 923 1885 (vel
957 1842 1094 1886 plures)
1129 1850 1256 1877 versus
1289 1842 1465 1877 excidisse
1497 1842 1533 1877 et
1567 1851 1611 1876 ex
1642 1851 1679 1876 re
1704 1842 1781 1886 ipsa

223 1903 443 1949 intellegitur
474 1905 509 1938 et
541 1912 585 1938 ex
612 1901 801 1938 Chalcidio
827 1901 988 1937 Platonis
1013 1900 1146 1936 Timaei
1173 1901 1365 1946 interprete
1390 1901 1518 1943 elucet,
1550 1900 1646 1946 apud
1672 1909 1781 1945 quem

223 1963 375 1998 eandem
403 1962 600 1998 doctrinam
627 1963 803 2008 integram
830 1962 1034 1996 invenimus
1062 1962 1110 2005 (p.
1134 1960 1200 1996 146
1218 1970 1272 2005 sq.
1293 1959 1470 2004 Wrobel):
1497 1961 1538 1995 ‘si
1565 1960 1711 2004 quidem
1738 1969 1781 1994 ex

223 2023 451 2067 aequinoctio
478 2031 589 2057 verno
616 2023 680 2064 (sc.
699 2020 767 2065 sol)
795 2030 912 2066 usque
939 2020 983 2055 ad
1010 2021 1184 2055 aestivam
1211 2021 1487 2055 conversionem
1513 2021 1669 2065 spatium
1693 2019 1781 2054 caeli

224 2082 322 2127 quod
355 2081 538 2117 interiacet
573 2081 769 2127 nonaginta
802 2079 874 2116 fere
901 2081 936 2115 et
963 2080 1131 2124 quattuor
1157 2081 1267 2115 semis
1293 2079 1421 2114 diebus
1447 2081 1482 2115 et
1507 2078 1674 2114 noctibus
1700 2088 1782 2113 con-

223 2142 307 2184 iicit,
334 2151 377 2176 ex
403 2141 641 2176 conversione
667 2149 753 2175 vero
779 2140 916 2175 aestiva
942 2148 1059 2184 usque
1085 2138 1130 2174 ad
1157 2138 1364 2174 autumnale
1387 2139 1653 2184 aequinoctium
1672 2147 1782 2173 nona-

224 2202 322 2248 ginta
355 2201 390 2236 et
421 2200 566 2236 duobus
598 2201 708 2235 semis
741 2200 871 2235 diebus
904 2202 938 2234 et
971 2199 1138 2235 noctibus
1170 2199 1344 2244 pervenit,
1376 2199 1421 2234 ab
1454 2197 1651 2233 autumnali
1678 2207 1782 2242 porro

224 2260 453 2306 aequinoctio
487 2269 645 2306 pergens
675 2259 720 2295 ad
747 2259 948 2294 brumalem
974 2259 1249 2294 conversionem
1276 2258 1460 2304 octoginta
1486 2260 1521 2293 et
1546 2260 1628 2292 octo
1653 2256 1783 2292 diebus

225 2320 387 2365 pervenit
413 2322 449 2355 et
483 2322 610 2355 octava
636 2322 735 2364 parte
762 2320 870 2354 unius
896 2318 998 2354 dieci.
1034 2318 1217 2353 residuum
1249 2318 1334 2353 item
1367 2318 1533 2362 spatium,
1565 2316 1663 2361 quod
1693 2317 1783 2351 inter

224 2379 424 2415 brumalem
451 2380 725 2414 conversionem
752 2381 787 2414 et
813 2387 964 2413 vernum
991 2378 1258 2422 aequinoctium
1278 2377 1470 2418 interlacet,
1496 2376 1693 2421 nonaginta
1709 2374 1783 2410 fere

224 2440 353 2474 diebus
379 2439 415 2473 et
441 2441 540 2483 parte
569 2438 696 2473 octava
722 2437 793 2472 diei
819 2437 972 2472 conficit.
1012 2439 1273 2482 proptereaque
1299 2445 1444 2471 omnem
1470 2435 1587 2470 circuli
1625 2435 1782 2470 meatum

224 2498 393 2534 trecentis
419 2497 607 2543 sexaginta
634 2500 669 2532 et
687 2497 848 2542 quinque
874 2496 1003 2531 diebus
1021 2505 1062 2531 ac
1087 2495 1254 2530 noctibus
1281 2498 1315 2530 et
1346 2497 1445 2540 parte
1463 2496 1586 2539 quarta
1604 2493 1673 2528 diei
1704 2503 1783 2538 pro-

226 2557 421 2602 pemodum
450 2557 549 2592 obire
576 2565 756 2592 consensu
783 2557 944 2591 omnium
971 2554 1145 2590 creditur.'

370 2617 401 2659 ²)
427 2616 471 2651 cf.
501 2615 564 2651 ecl.
583 2615 661 2650 XVI
690 2625 770 2651 cum
799 2614 879 2650 Isid.
907 2614 952 2649 de
979 2615 1048 2649 nat.
1078 2624 1140 2648 rer.
1169 2612 1318 2655 c.v15;
1345 2612 1408 2647 ecl.
1429 2611 1550 2647 XVIIII
1577 2621 1659 2647 cum
1682 2610 1780 2646 Serv.

227 2677 270 2710 ad
296 2676 431 2721 Georg.
451 2675 461 2709 1
481 2675 536 2710 43.

372 2735 398 2778 3)
425 2734 467 2769 cf.
495 2733 547 2769 W.
569 2733 729 2769 Brandes
756 2734 777 2768 l.
797 2743 824 2769 c.
852 2743 885 2778 p.
906 2733 938 2768 8.

371 2795 400 2834 ⁴)
427 2793 522 2837 apud
549 2792 855 2838 Pauly-wissowa
881 2792 907 2827 11
935 2802 969 2837 p.
987 2791 1090 2828 2572.
