2001 3099
865 135 1156 174 -88-

497 291 536 318 v.
561 278 615 317 25
650 290 712 331 sq.
1176 287 1209 316 c.
1239 276 1289 315 10
1322 274 1379 328 (p.
1409 275 1458 314 12
1494 274 1670 325 R.-W.).

235 374 320 402 nec
343 373 437 401 non
455 358 616 400 lascivi
631 357 832 400 Floralia
853 358 977 400 laeta
1109 372 1136 399 a
1168 355 1256 398 loci
1289 353 1405 398 vitio
1431 354 1667 398 theatrum
1690 370 1790 411 pro-

353 429 535 484 theatri‚
1049 427 1148 485 prie
1186 426 1440 471 sacrarium
1473 426 1669 471 Veneris
1706 433 1789 471 est.

294 515 414 558 quae
445 506 655 557 spectare
687 500 864 555 volunt,
897 499 975 557 qui
1050 499 1141 542 hoc
1174 496 1376 555 denique
1407 497 1546 541 modo
1568 496 1615 540 id
1640 512 1791 554 genus

354 570 559 615 voluisse
593 578 767 627 negant
1051 569 1203 628 operis
1221 570 1269 612 in
1287 569 1473 613 saeculo
1491 567 1654 613 evasit.
1683 583 1792 613 narn

1052 657 1191 699 saepe
1206 655 1420 685 censores
1431 640 1672 684 nascentia
1685 655 1787 684 cum

1051 712 1257 756 maxime
1339 713 1522 756 theatra
1588 712 1793 756 destrue-

1052 785 1169 828 bant
1223 782 1431 827 moribus
1484 784 1793 839 consulentes,

1053 870 1252 913 quorum
1306 855 1483 899 scilicet
1533 854 1793 912 periculum

1054 926 1224 983 ingens
1262 927 1319 970 de
1358 927 1547 970 lascivia
1584 926 1795 984 provide-

1054 999 1169 1042 bant
1201 1033 1210 1043 .
1236 1033 1244 1043 .
1271 1034 1279 1043 .

500 1146 543 1174 v.
568 1133 622 1173 29
656 1144 719 1187 sq.
1179 1143 1215 1172 c.
1244 1132 1295 1171 10
1329 1133 1388 1186 (p.
1417 1132 1467 1171 12
1501 1131 1676 1182 R.-W.).

239 1221 286 1259 et
333 1213 642 1269 Dionysiacos
691 1213 829 1260 Latio
876 1229 982 1271 cog·
1114 1227 1223 1256 nam
1263 1218 1311 1256 et
1348 1211 1463 1255 alios
1500 1212 1638 1256 ludos
1675 1227 1798 1256 scae-

358 1285 548 1329 nomine
578 1285 715 1328 ludos
1054 1283 1185 1327 nicos
1224 1282 1460 1331 Liberalia
1497 1283 1683 1341 proprie
1720 1299 1798 1328 vo-

300 1360 453 1401 Roma
499 1355 622 1412 colit,
675 1355 816 1404 Liber
863 1371 983 1414 quae
1056 1356 1238 1410 cabant,
1269 1360 1597 1412 praeterquam
1628 1354 1798 1401 Libero

358 1428 446 1472 sibi
478 1434 590 1473 vota
621 1428 759 1472 dicat.
1056 1427 1264 1481 devotos,
1294 1440 1414 1483 quae
1438 1432 1550 1469 sunt
1572 1424 1799 1482 Dionysia

1056 1512 1200 1555 penes
1233 1497 1450 1552 Graecos,
1487 1497 1631 1541 etiam
1667 1513 1694 1541 a
1726 1497 1800 1545 Li-

1057 1570 1168 1613 bero
1196 1568 1453 1614 institutos,
1518 1584 1554 1614 c,
1585 1571 1610 1611 5
1650 1573 1708 1626 (p.
1733 1573 1798 1624 7):

1058 1655 1166 1683 nam
1200 1645 1247 1683 et
1279 1654 1385 1684 cum
1415 1639 1680 1698 promiscue
1702 1639 1800 1683 ludi

1059 1710 1294 1759 Liberalia
1330 1717 1622 1768 vocarentur,
1659 1712 1801 1755 hono—

1059 1798 1152 1826 rem
1186 1783 1343 1830 Liberi
1375 1782 1523 1840 patris
1554 1782 1802 1826 manifeste

1059 1855 1304 1897 sonabant.
1381 1853 1553 1902 Libero
1599 1853 1724 1898 enirn
1775 1870 1802 1898 a

1060 1925 1246 1968 rusticis
1274 1924 1425 1982 primo
1448 1925 1626 1969 fiebant
1647 1926 1706 1969 ob
1728 1926 1802 1969 be-

1061 1996 1282 2040 neficium
1315 1997 1438 2054 quod
1467 1997 1508 2040 ei
1532 1996 1804 2041 adscribunt

1061 2068 1370 2113 demonstrati
1403 2069 1552 2123 gratia
1583 2067 1694 2113 vini.

247 2231 338 2258 non
381 2222 463 2269 est,
502 2229 582 2258 cur
616 2213 851 2268 miremur,
891 2214 1015 2269 quod
1049 2212 1288 2255 Ausonius
1322 2217 1368 2254 et
1400 2210 1721 2254 Tertullianus
1754 2210 1802 2254 in

247 2287 320 2329 his
357 2285 482 2329 feriis
515 2286 590 2329 vel
628 2285 751 2328 ludis
784 2284 1035 2328 afferendis
1068 2299 1161 2327 non
1196 2282 1285 2326 nisi
1319 2283 1366 2325 in
1400 2282 1670 2326 universum
1703 2296 1807 2325 con-

248 2357 426 2400 cinunt.
510 2371 619 2400 nam
674 2369 780 2399 curn
833 2355 1115 2399 Tertulliani
1168 2354 1417 2397 interesset
1474 2354 1803 2408 demonstrare,

249 2444 388 2486 quam
422 2434 520 2472 arte
552 2427 651 2471 ludi
682 2442 786 2471 cum
810 2427 1040 2484 religione
1061 2426 1356 2470 ethnicorum
1379 2431 1535 2469 essent
1557 2423 1803 2479 coniuncti,

249 2499 458 2543 Ausonio
491 2501 539 2542 in
574 2500 732 2542 animo
765 2499 855 2542 fuit
885 2498 934 2541 in
969 2498 1132 2554 ecloga
1165 2498 1433 2554 catalogum
1465 2494 1685 2540 feriarum
1714 2498 1805 2539 Ro-

253 2586 497 2614 manarum
532 2585 824 2627 componere.
878 2570 937 2613 ad
959 2571 1086 2613 locos
1109 2575 1268 2612 autem
1292 2568 1592 2611 concinentes
1615 2566 1804 2622 accedit,

252 2643 385 2699 quod,
418 2649 471 2685 ut
502 2641 551 2684 in
583 2641 762 2684 ludicra
794 2640 989 2684 historia
1020 2641 1077 2684 de
1101 2639 1417 2696 gladiatorum
1440 2637 1712 2682 muneribus
1735 2645 1805 2681 est

251 2713 438 2769 dictum,
470 2713 515 2755 id
550 2714 673 2770 quod
707 2728 763 2756 ex
792 2714 841 2755 fr.
871 2716 949 2755 194
980 2716 1040 2768 (p.
1065 2715 1161 2766 343,
1186 2714 1210 2753 4
1245 2708 1802 2754 ReifferscheidzTertul-

256 2785 358 2827 lian.
392 2785 449 2827 de
487 2784 765 2841 spectaculis
804 2799 840 2828 e.
870 2787 940 2838 12)
980 2783 1283 2839 intellegitur,
1320 2781 1386 2825 ita
1424 2782 1481 2824 de
1519 2779 1691 2824 eisdem
1729 2780 1805 2822 do-
