2001 3099
876 149 1164 187 ,43-

248 294 460 330 tonorum
487 286 703 340 efficeret,
727 284 1005 329 divisionem
1030 286 1295 329 octachordi
1321 286 1542 342 neglexit,
1576 289 1634 330 ad
1658 302 1795 344 quam

245 374 270 400 a
305 364 422 399 terra
461 357 515 399 ad
557 357 702 399 solem
740 356 783 411 (i.
813 371 850 400 e.
881 357 938 399 ab
974 359 1110 412 ὑπάτη
1150 358 1204 400 ad
1246 357 1396 413 μέσην)
1432 365 1564 400 tonos
1603 359 1719 401 duos
1752 366 1798 401 et

244 426 486 470 dimidium
520 427 544 470 i.
569 441 603 470 e.
626 427 926 470 intervallum
967 427 1042 471 dia
1076 435 1297 482 tessaron‚
1338 444 1365 471 a
1397 429 1492 471 sole
1526 430 1583 471 ad
1617 430 1795 472 caelum

244 499 282 547 (i.
313 513 346 541 e.
377 514 403 540 a
433 501 540 553 μέση
570 498 628 541 ad
657 500 802 554 νήτην)
842 505 976 542 tonos
1017 505 1109 542 tres
1150 506 1196 542 et
1234 499 1479 542 dimidium
1524 501 1547 543 i.
1589 515 1622 543 e.
1661 500 1799 544 inter-

243 570 417 612 vallum
436 569 656 626 diapente
673 584 773 612 esse
791 576 863 612 est
880 585 1081 614 necesse.
1117 577 1311 626 apparet
1329 570 1635 613 Censorinum
1657 572 1797 627 expli-

243 641 473 683 cationem
507 640 708 683 auctoris
741 639 812 683 sui
847 640 890 694 (i.
910 656 946 685 e.
966 641 1206 697 Varronis)
1232 656 1325 684 non
1351 649 1474 684 recte
1497 641 1794 686 intellexisse.

382 712 475 754 iam
513 710 742 754 vertimus
781 726 865 754 nos
905 713 963 754 ad
1004 711 1194 755 tertium
1234 712 1518 769 scriptorem,
1563 727 1699 769 quern
1740 729 1796 756 ex

242 783 403 824 eodem
427 784 635 827 Varrone
668 782 968 839 sphaerarum
1003 782 1297 826 harmoniam
1320 783 1533 827 hausisse
1567 799 1649 840 pro
1672 791 1796 827 certo

241 853 478 907 habemus,
519 853 620 896 dico
662 853 948 896 Martiannm
989 855 1238 911 Capellam.
1303 855 1379 898 hic
1411 855 1618 911 scriptor,
1658 870 1795 912 quem

241 924 463 967 Varronis
496 924 766 980 disciplinas
800 924 847 967 in
881 939 1018 981 opere
1049 939 1135 969 suo
1168 926 1490 982 componendo
1529 924 1796 969 adhibuisse

240 995 360 1037 inter
392 1009 552 1038 omnes
587 994 709 1038 viros
742 996 902 1038 doctos
936 1002 1129 1050 constat,
1164 999 1209 1039 Π
1240 1000 1317 1039 169
1352 1012 1449 1054 sqq.
1482 997 1625 1053 fingit
1649 996 1797 1039 Philo-

242 1065 427 1121 logiam,
468 1081 607 1122 quam
644 1067 901 1111 Mercurius
941 1066 1029 1110 sibi
1069 1082 1260 1110 uxorem
1295 1067 1484 1124 delegit,
1523 1083 1550 1111 a
1584 1074 1705 1110 terra
1738 1069 1795 1110 ad

240 1138 418 1179 caelum
453 1136 636 1190 deduci;
670 1152 761 1193 quo
794 1139 840 1179 in
875 1138 1040 1181 itinere
1072 1139 1376 1181 describendo
1410 1137 1620 1195 pluribus
1643 1139 1796 1182 verbis

239 1216 376 1264 pocta
399 1215 720 1262 commoratur,
745 1215 797 1251 ut
820 1223 959 1265 quam
982 1210 1230 1265 plurimam
1255 1210 1512 1253 doctrinam
1536 1213 1614 1265 (sc.
1633 1212 1797 1254 Varro-

240 1279 447 1334 nianam)
487 1286 702 1323 ostentet.
766 1280 968 1336 legimns
1012 1281 1321 1337 Philologiam
1361 1281 1563 1337 primum
1604 1297 1630 1324 a
1677 1288 1796 1324 terra

238 1351 294 1393 ad
330 1351 487 1393 lunam
522 1350 608 1393 iter
631 1351 792 1393 facere.
843 1366 935 1393 non
960 1350 1136 1394 omittit
1157 1359 1295 1408 poeta
1320 1351 1471 1395 dicere
1494 1352 1793 1395 intervallum

239 1437 337 1463 csse
377 1428 564 1464 centum
606 1420 775 1477 viginti
817 1437 897 1464 sex
937 1422 1116 1464 milium
1159 1422 1430 1477 stadiorum,
1470 1437 1560 1479 quo
1594 1425 1790 1480 comple-

238 1493 390 1535 verint
430 1499 591 1535 tonum
632 1492 834 1548 primum
873 1507 930 1535 ex
969 1492 1230 1549 phthongis
1270 1494 1556 1537 caelestibus.
1621 1509 1647 1537 a
1680 1495 1791 1537 luna

238 1562 468 1618 virginem
509 1562 764 1605 hemitonio
803 1564 1085 1620 permeando
1118 1564 1174 1606 ad
1210 1563 1489 1607 Mercurium
1523 1564 1790 1608 venientem

237 1633 359 1676 facit.
424 1641 564 1690 atque
607 1633 715 1676 hinc
754 1635 898 1677 altero
940 1633 1197 1678 hemitonio
1239 1636 1571 1679 transvolando
1609 1637 1665 1679 ad
1706 1639 1791 1680 Ve-

237 1719 407 1759 nerem,
431 1705 598 1747 deinde
631 1705 844 1761 sescuplo
879 1705 974 1747 toni
1009 1706 1218 1749 ascendit
1248 1705 1509 1763 Philologia
1543 1708 1600 1750 ad
1634 1708 1790 1762 solem,

237 1783 336 1818 tum
353 1776 479 1818 alind
497 1775 807 1818 hemitonium
827 1776 885 1818 ad
906 1778 1101 1820 Martem
1122 1778 1410 1834 permetitur.
1431 1777 1602 1821 abhinc
1618 1778 1789 1821 iterum

236 1845 545 1890 hemitonium
581 1845 854 1890 transcurrit
886 1848 942 1889 ad
976 1848 1147 1900 Iovem,
1181 1848 1312 1892 cuins
1336 1849 1559 1893 circulum
1585 1850 1790 1907 Phrygio

236 1918 448 1974 phtongo
481 1932 729 1974 personare
763 1918 1022 1961 Martianus
1056 1920 1243 1976 Capella
1276 1921 1419 1965 addit.
1469 1927 1608 1977 atque
1647 1922 1787 1964 etiam

235 1990 367 2045 plura
400 1990 456 2032 de
491 1991 601 2032 Iove
633 1996 771 2045 poeta
804 1990 958 2033 docet:
1003 1990 1130 2033 sidus
1159 1990 1284 2034 Iovis
1309 2007 1409 2035 esse
1434 1993 1787 2049 temperamenti

235 2059 410 2102 vivifici
450 2075 502 2103 ac
540 2059 737 2103 salubris
771 2061 1077 2118 effulgentiae
1110 2062 1385 2119 blandisque
1418 2063 1653 2106 vibratum
1687 2079 1789 2106 can-

235 2130 433 2174 doribus.
481 2131 597 2173 lucis
629 2138 845 2175 naturam
881 2133 1082 2189 quadam
1105 2133 1426 2190 prosperitatis
1451 2133 1788 2190 tranquillitate

235 2201 435 2246 rutilare.
486 2209 585 2245 tum
618 2201 709 2245 alio
742 2202 1000 2246 hemitonio
1033 2211 1271 2260 permeato
1295 2205 1352 2247 ad
1377 2205 1633 2249 Saturnum
1658 2205 1789 2248 venit

234 2273 379 2328 virgo,
413 2272 543 2315 cuius
577 2273 774 2316 circulus
802 2275 924 2317 melo
955 2275 1097 2318 Dorio
1127 2275 1371 2320 tinniebat.
1421 2277 1621 2332 denique
1651 2283 1787 2332 poeta

234 2344 376 2386 finem
418 2343 596 2387 itineris
639 2344 705 2387 sic
743 2345 979 2388 describit:
1025 2346 1144 2389 ‘inde
1182 2346 1399 2389 maximis
1439 2346 1682 2390 conatibus
1722 2363 1787 2390 se-

234 2416 393 2471 scuplo
426 2415 591 2458 itinere
623 2416 896 2460 evehuntur.
959 2432 1067 2460 nam
1101 2424 1212 2460 tono
1244 2433 1297 2461 ac
1329 2418 1521 2461 dimidio
1554 2419 1611 2460 ad
1641 2419 1787 2475 ipsius

235 2485 443 2529 caelestis
481 2486 706 2542 sphaerae
748 2488 941 2543 globum
982 2503 1035 2531 ac
1073 2489 1344 2545 laqueatum
1378 2489 1525 2532 stellis
1558 2490 1786 2533 ambitum

234 2557 516 2613 pervenitur.
556 2556 714 2614 sicque
737 2573 818 2601 sex
848 2565 1063 2602 tonorum
1088 2559 1497 2602 conscensionibus
1531 2561 1784 2604 stadiorum

234 2628 412 2671 defecta
434 2627 710 2671 lassitudine
734 2628 919 2685 fatigati
944 2644 1048 2673 cum
1069 2629 1294 2687 diapason
1314 2631 1641 2687 symphoniam
1665 2631 1785 2688 quic-

234 2698 340 2754 quid
382 2700 556 2741 emensi
597 2706 729 2742 crant
767 2701 1064 2744 adverterent
1103 2716 1356 2744 consonare
1397 2701 1679 2758 perfectione
1712 2704 1786 2745 ab·

233 2769 413 2812 solutae
446 2770 789 2825 modulationis,
822 2778 927 2827 post
956 2772 1136 2815 labores
1160 2773 1388 2816 maximos
1412 2773 1602 2816 recreati
1627 2775 1786 2830 paulu-
