2001 3099
891 123 1180 163 ...90-

259 277 294 305 c.
316 265 339 304 4
363 263 514 304 elucet
529 264 570 316 ¹),
594 262 795 318 pendere
819 262 933 305 mihi
956 261 1152 306 videtur.
1206 263 1332 306 hunc
1355 270 1649 314 concentum,
1674 278 1813 320 quem

257 333 376 375 inter
409 332 628 389 reliquias
660 333 865 376 ludicrae
887 334 1109 377 historiae
1133 341 1179 377 et
1201 335 1285 377 has
1310 336 1496 390 eclogas
1522 335 1813 378 Ausonianas

257 403 532 458 deteximus,
578 419 706 448 mero
760 419 869 448 casu
919 405 1132 448 evenisse
1180 405 1260 449 vix
1308 406 1556 462 quisquam
1600 406 1688 448 erit
1734 405 1813 462 qui

256 480 403 530 putet.
467 474 662 518 dubium
696 490 788 518 non
823 483 904 531 est,
937 475 1049 532 quin
1074 476 1306 519 Ausonius
1329 477 1406 519 hic
1429 492 1486 519 ex
1509 477 1673 520 eodem
1696 475 1812 520 libro

256 545 470 589 Suetonii
503 552 643 603 atque
676 545 753 590 ille
785 553 918 604 pater
956 548 1176 590 ecclesiae
1216 548 1436 602 hauserit,
1481 546 1659 591 scilicet
1692 563 1716 591 e
1748 548 1814 590 lu-

256 615 383 659 dicra
415 616 624 662 historia.

398 695 556 731 tamen
591 688 744 744 timeo,
778 704 836 732 ne
859 705 952 733 non
976 705 1137 733 omnes
1162 689 1476 745 difficultates,
1510 704 1626 747 quas
1651 691 1813 746 ecloga

255 760 312 803 dc
350 759 475 803 feriis
510 761 738 803 Romanis
776 762 925 816 offert,
965 762 1053 805 hac
1085 760 1320 805 sententia
1353 768 1542 818 accepta
1575 762 1810 805 tollantur.

256 845 369 874 num
399 845 644 874 sumamus
678 831 724 875 in
759 832 936 875 ludicra
969 831 1175 888 historia,
1209 833 1287 876 ubi
1311 832 1567 878 Suetonius
1599 847 1693 875 non
1718 839 1813 876 tam

255 902 311 945 de
360 901 484 946 feriis
532 917 673 959 quam
722 904 779 947 de
818 903 940 947 ludis
979 903 1089 960 egit,
1137 904 1303 947 harum
1345 904 1553 947 omnium
1594 902 1813 947 feriarum

255 972 541 1017 mentionem
567 989 666 1018 esse
688 976 886 1018 factam?
907 975 1045 1032 quid?
1066 990 1221 1018 nonne
1246 975 1378 1018 nobis
1403 982 1473 1018 est
1494 976 1810 1031 colligendum

253 1045 534 1088 Suetonium
574 1046 622 1088 in
661 1046 779 1089 libro
817 1045 896 1089 illo
930 1047 987 1089 de
1021 1047 1085 1089 eis
1120 1053 1303 1090 tantum
1337 1047 1474 1100 feriiS,
1513 1047 1683 1103 quibus
1715 1047 1811 1089 ludi

255 1116 523 1171 edebantur,
563 1117 866 1160 disseruisse?
929 1132 1020 1174 qua
1060 1117 1207 1174 igitur
1239 1133 1287 1161 re
1319 1118 1558 1161 Ausonius
1592 1125 1662 1161 est
1695 1132 1813 1161 com-

253 1194 422 1242 motus,
465 1195 511 1231 et
551 1203 588 1231 e.
623 1203 668 1244 g.
711 1188 992 1232 Matronalia
1030 1189 1078 1231 in
1119 1190 1282 1246 ecloga
1323 1190 1644 1232 enumeraret?
1705 1204 1810 1232 eum

253 1273 346 1302 non
389 1259 521 1302 fastis
562 1258 785 1316 temporis
823 1259 895 1303 sui
928 1261 1002 1303 vel
1044 1275 1131 1303 usu
1164 1260 1290 1304 vitae
1323 1275 1423 1304 esse
1455 1261 1722 1317 impulsum,
1761 1267 1813 1302 ut

252 1329 582 1373 Matronalium
615 1331 904 1374 mentionem
927 1332 1111 1386 faceret,
1143 1331 1251 1374 inde
1274 1338 1478 1388 apparet,
1511 1332 1635 1389 quod
1658 1330 1813 1375 nescio

252 1416 344 1458 quo
391 1416 543 1445 errore
592 1402 761 1446 ductus
810 1401 924 1445 dicit
962 1409 1202 1446 matronas
1242 1401 1469 1446 Kalendis
1510 1403 1691 1446 Martiis
1730 1417 1812 1459 pro

253 1473 392 1516 laude
438 1471 644 1517 virorum
693 1488 823 1517 sacra
871 1473 1046 1517 fecisse.
1117 1473 1192 1517 hic
1242 1489 1336 1517 una
1384 1473 1647 1532 explicandi
1695 1474 1813 1516 ratio

252 1543 412 1588 relicta
459 1543 647 1588 videtur
699 1560 813 1589 esse.
892 1545 1027 1588 facile
1081 1545 1165 1588 tibi
1217 1546 1499 1602 persuadeas
1547 1545 1808 1588 Ausonium

251 1615 499 1673 praecipue
532 1616 731 1659 alterum
764 1616 935 1659 librum
957 1615 1172 1660 Suetonii
1205 1617 1263 1660 ad
1296 1617 1419 1660 hanc
1448 1617 1658 1673 eclogam
1693 1630 1812 1659 com-

250 1688 517 1744 ponendam
551 1686 822 1731 adhibuisse
853 1689 927 1732 vel
961 1687 1234 1745 respexisse,
1271 1687 1441 1730 librum
1474 1689 1531 1731 de
1564 1701 1688 1730 anno
1723 1689 1812 1730 Ro-

250 1773 507 1814 manorum,
541 1774 632 1816 quo
656 1759 921 1802 Ausonium
954 1758 1096 1802 etiam
1128 1759 1175 1801 in
1209 1758 1313 1802 aliis
1348 1759 1524 1815 eclogis
1548 1774 1648 1803 esse
1671 1773 1809 1802 usum

250 1844 391 1887 supra
424 1830 681 1875 docuimus.
746 1829 794 1873 in
828 1831 918 1874 hoc
950 1831 1069 1873 libro
1093 1830 1233 1873 etiam
1257 1831 1314 1873 de
1337 1829 1463 1873 feriis
1489 1832 1810 1873 Romanorum

251 1908 349 1945 erat
382 1909 551 1956 actum,
591 1901 629 1945 si
663 1900 851 1958 quidem
885 1903 1133 1958 Augustus
1169 1900 1507 1944 Reifferscheid
1540 1907 1664 1944 recte
1697 1899 1810 1944 dicit

251 1973 289 2026 (l.
315 1988 351 2017 c.
384 1988 427 2030 p.
454 1974 577 2028 435):
617 1973 709 2016 ‘sed
749 1972 890 2016 etiam
929 1973 1002 2016 his
1040 1971 1262 2016 adhibitis
1293 1972 1634 2030 supplementis
1667 1986 1807 2015 unam

252 2050 437 2087 tantum
475 2051 654 2102 partem
694 2044 973 2088 Suetoniani
1014 2044 1119 2087 libri
1159 2042 1354 2098 (scilicet
1393 2044 1450 2086 de
1483 2058 1606 2086 anno
1640 2046 1810 2086 Roma-

251 2115 438 2172 norum)
470 2116 801 2159 reconcinnare
834 2115 954 2170 licet,
994 2114 1197 2169 alterius,
1238 2129 1330 2172 qua
1363 2129 1420 2158 ex
1452 2113 1670 2158 instituto
1702 2113 1807 2157 libri

250 2187 306 2229 de
353 2186 479 2230 feriis
519 2189 840 2230 Romanorum
889 2187 1227 2244 disputandum
1277 2193 1375 2229 erat
1422 2186 1807 2243 disputatumque

249 2257 349 2313 suit,
387 2259 516 2301 nulla
547 2259 642 2302 fere
674 2257 904 2315 particula
936 2257 1121 2301 residua
1156 2259 1247 2300 est)
1311 2259 1582 2314 Augustum
1617 2256 1808 2299 Reiffer-

251 2328 410 2372 scheid
433 2335 622 2373 secutus
656 2330 713 2373 G.
733 2329 962 2375 Wissowa
994 2329 1019 2372 1.
1044 2345 1079 2372 c.
1107 2344 1150 2386 p.
1175 2332 1231 2372 30
1263 2334 1446 2385 praeter
1468 2328 1558 2371 alia
1582 2328 1805 2371 Macrobii

249 2400 433 2443 Saturn.
458 2402 478 2442 Ι
507 2404 570 2455 10,
598 2404 737 2443 1-24
772 2407 819 2444 et
851 2402 871 2443 Ι
900 2403 1174 2455 11,46-50,
1218 2399 1297 2443 ubi
1338 2398 1715 2444 Saturnaliorum
1760 2405 1806 2441 et

249 2470 588 2525 Sigillariorum
623 2472 816 2515 historia
850 2472 1109 2524 exhibetur,
1141 2471 1258 2514 libro
1281 2485 1458 2514 annum
1483 2473 1800 2514 Romanorum

250 2543 484 2585 enarranti
534 2542 837 2599 probabiliter
887 2541 1158 2586 vindicavit.
1229 2549 1370 2599 atque
1414 2556 1520 2585 cum
1563 2555 1803 2584 sumamus

253 2613 510 2656 Ausonium
546 2614 671 2657 hunc
693 2613 864 2656 librum
888 2614 944 2656 de
968 2628 1092 2656 anno
1117 2616 1437 2656 Romanorum
1460 2612 1507 2655 in
1531 2613 1618 2655 hac
1641 2613 1803 2667 ecloga

250 2684 518 2739 respexisse,
557 2684 734 2741 optimc
772 2683 967 2727 Ausonii
1007 2685 1149 2728 verba
1186 2684 1492 2738 illustrantur,
1539 2683 1616 2740 qui
1665 2682 1802 2726 inter·

376 2758 420 2822 Ῑ)
449 2759 550 2814 cisa
582 2779 836 2824 Reifferscheid
863 2779 884 2815 1.
905 2790 931 2814 c.
960 2790 992 2824 p.
1013 2779 1081 2814 463
1109 2780 1272 2814 exeunte.
