2001 3099
778 110 1068 149 „35-

148 265 237 306 qua
277 250 516 292 stellarum
557 247 628 291 vis
666 248 713 289 in
753 247 988 290 hominem
1025 253 1258 289 terrenum
1294 245 1468 301 optime
1507 245 1702 301 explice-

147 328 233 375 tur,
265 321 355 363 iam
389 320 435 362 in
470 320 598 361 fonte
631 333 715 361 suo
748 317 992 361 invenisse.
1049 324 1148 359 tum
1182 322 1379 372 uterque
1411 316 1523 358 (licit
1546 317 1702 369 solem,

146 390 223 447 qui
257 397 432 433 ceteras
464 403 624 432 omnes
665 389 823 432 stellas
864 394 995 442 regat
1033 402 1284 443 earumque
1323 386 1581 443 potentiam
1622 386 1703 429 im-

144 468 307 515 mutet,
330 460 584 517 plurimum
609 460 764 503 valere
787 460 843 502 ad
868 459 1094 502 homines.
1134 458 1210 501 hic
1233 472 1418 514 quoque
1441 456 1703 500 differentia

146 533 371 589 quaedam
418 538 571 574 exstat
619 531 740 574 inter
786 531 903 574 duos
951 529 1209 586 scriptores.
1288 528 1521 572 Ausonius
1569 530 1704 572 docet

145 604 289 647 solem
335 617 426 645 11011
475 603 627 645 50111111
681 602 826 646 vitam
878 608 1086 644 nostram
1135 600 1376 654 moderari,
1428 600 1507 643 sed
1562 600 1700 643 etiam

146 687 366 730 magnam
415 672 510 716 vim
554 673 725 716 habere
763 672 810 715 in
860 687 956 727 nos,
1001 672 1113 715 dum
1151 685 1407 725 nascamur,
1452 685 1557 713 cum
1591 671 1704 714 Cen-

144 744 325 788 sorinus
374 745 503 787 illam
541 743 743 800 priorem
788 744 1069 788 sententiam
1104 742 1292 786 omittat
1325 748 1372 785 et
1403 741 1513 785 solis
1546 748 1704 798 poten-

146 815 258 859 tiam
296 815 344 858 in
384 822 628 858 nascentes
663 815 810 858 solam
844 816 1019 858 afferat.
1082 814 1252 857 deinde
1285 814 1341 856 ad
1376 813 1702 856 tractationem

144 886 292 944 ipsam
326 887 566 930 accedunt.
636 887 918 930 Censorinus
958 893 1115 930 autern
1147 899 1298 942 pauca
1341 883 1601 941 praemittit
1647 884 1704 926 de

146 964 396 1014 conspectu
435 959 509 1001 vel
548 958 604 1000 de
643 958 842 1001 zodiaco.
907 957 1160 1011 zodiacum,
1200 957 1247 999 in
1289 970 1380 1013 quo
1413 956 1480 998 sol
1515 962 1561 998 et
1591 956 1704 997 luna

145 1036 415 1085 ceteraeque
450 1029 669 1084 planetae
703 1029 924 1083 ferantur,
965 1029 1010 1070 in
1046 1026 1289 1071 duodecim
1323 1033 1477 1083 partes
1510 1027 1703 1070 totidem

146 1099 292 1156 signis
324 1100 526 1142 redditas
566 1115 666 1142 esse
704 1099 920 1143 divisum.
986 1114 1122 1156 quem
1168 1099 1313 1142 solem
1355 1112 1511 1140 31111110
1550 1098 1703 1154 spatio

145 1185 392 1226 permeare,
426 1177 478 1213 ut
510 1171 557 1213 111
591 1171 791 1227 singulis
827 1170 977 1227 signis
1012 1171 1224 1227 singulos
1257 1185 1439 1213 menses
1480 1176 1702 1222 moretur3

146 1241 335 1297 signum
381 1240 621 1297 quodlibet
667 1256 771 1285 cum
816 1241 980 1285 ceteris
1026 1240 1220 1296 singulis
1269 1241 1439 1284 habere
1484 1247 1702 1283 mutuum

147 1319 455 1368 conspectum.
541 1319 639 1356 turn
697 1313 885 1356 demum
942 1312 1223 1356 Censorinus
1271 1315 1432 1355 eadem
1483 1311 1705 1368 explanat

147 1390 286 1439 atque
320 1384 574 1427 Ausonius:
609 1384 767 1438 solem,
801 1399 906 1427 cum
940 1390 1101 1441 partus
1134 1382 1434 1440 concipiatur,
1467 1383 1513 1425 in
1548 1383 1702 1438 aliquo

147 1454 285 1509 signo
318 1470 417 1497 esse
451 1469 637 1498 necesse
670 1469 770 1498 esse
803 1462 861 1509 et,
894 1461 947 1497 ut
976 1454 1196 1498 describit
1223 1454 1393 1498 iterum
1424 1453 1703 1496 Censorinus

149 1539 280 1579 unus,
318 1524 364 1567 in
405 1526 560 1582 aliqua
599 1526 698 1568 eius
738 1527 978 1583 particula,
1017 1541 1153 1582 quem
1192 1526 1344 1568 locum
1386 1524 1703 1580 conceptionis

148 1595 330 1653 proprie
363 1597 596 1652 appellari.
647 1597 732 1640 has
766 1597 1031 1653 particulas,
1065 1611 1184 1653 quae
1208 1596 1409 1639 tricenae
1432 1597 1477 1638 in
1503 1595 1703 1651 singulis

149 1667 297 1723 signis
345 1673 541 1722 exstent,
588 1667 792 1711 Graecos
839 1683 1017 1711 moeras
1066 1667 1435 1724 cognominasse,
1483 1666 1702 1722 quoniam

149 1739 257 1781 deas
296 1738 459 1781 fatales
494 1741 676 1781 Moeras
715 1746 1042 1795 nuncuparent
1081 1753 1254 1795 eaeque
1287 1737 1540 1795 particulae
1574 1739 1704 1781 velut

148 1810 244 1852 fata
282 1808 549 1852 hominibus
589 1815 754 1853 essent.
820 1809 991 1853 abhinc
1029 1810 1217 1853 demum
1257 1810 1540 1853 Censorinus
1581 1809 1703 1852 viam

148 1895 242 1922 nna
265 1894 369 1922 cum
392 1879 602 1923 Ausonio
635 1881 756 1924 facit.
811 1881 935 1938 apud
970 1887 1221 1937 utrumque
1244 1880 1469 1938 scriptum
1490 1881 1703 1923 videmus

149 1952 303 2005 solem,
337 1965 441 1994 cum
474 1950 521 1994 in
555 1950 746 2007 signum
781 1951 1047 2008 proximum
1081 1951 1430 2006 transcenderit,
1468 1951 1516 1993 in
1550 1952 1702 1994 locum

149 2021 464 2078 conceptionis
507 2023 689 2065 nullum
731 2029 814 2066 aut
851 2022 1136 2066 imbecillum
1170 2024 1326 2066 lumen
1361 2021 1588 2077 emittere3
1623 2023 1702 2065 sed

150 2107 254 2135 011111
286 2092 333 2135 111
369 2093 505 2136 101110
538 2092 674 2149 signo
708 2092 778 2148 sit,
813 2108 918 2136 eum
949 2093 1080 2137 illum
1104 2095 1257 2137 locum
1282 2092 1546 2150 conspicere
1568 2108 1704 2149 posse

151 2164 364 2220 quamvis
397 2165 584 2220 obliquo
618 2165 804 2208 lumine.
859 2179 997 2222 quem
1032 2172 1332 2222 conspectum
1363 2166 1466 2208 κατὰ
1489 2166 1704 2222 ἑξάγωνον

151 2234 303 2278 vocari
336 2234 466 2278 addit
498 2235 790 2291 Censorinus,
829 2237 951 2292 quod
985 2243 1165 2279 sextam
1198 2243 1376 2292 partem
1410 2235 1567 2278 circuli
1601 2237 1704 2278 sub-

151 2306 325 2349 tendat.
388 2320 508 2360 nam,
541 2313 595 2349 ut
626 2307 769 2350 verba
801 2306 900 2349 eius
933 2321 1110 2363 sequar,
1143 2307 1180 2349 si
1213 2314 1267 2349 ut
1295 2323 1321 2349 a
1344 2306 1493 2363 primo
1516 2307 1702 2350 zodiaco

152 2377 207 2418 ad
242 2375 443 2431 tertium,
482 2377 547 2420 sic
587 2393 612 2419 a
653 2377 788 2420 tertio
827 2379 884 2421 ad
924 2377 1151 2434 quintum,
1190 2377 1298 2420 inde
1336 2393 1470 2434 porro
1509 2378 1565 2421 ad
1607 2393 1704 2434 sep-

153 2447 319 2490 timum
358 2462 411 2490 ac
452 2448 668 2504 deinceps
708 2450 914 2492 alternae
952 2449 1101 2492 lineae
1141 2448 1428 2503 emittantur,
1467 2449 1702 2504 hexagoni

153 2517 492 2573 aequilateralis
540 2520 736 2562 formam
785 2520 833 2562 in
883 2520 1053 2562 circulo
1101 2519 1252 2563 scribi.
1315 2519 1550 2562 Ausonius
1589 2520 1704 2562 haec

153 2589 309 2631 onmia
348 2588 533 2643 omittit,
573 2590 791 2633 videlicet
823 2591 946 2646 quod
979 2591 1094 2633 haec
1126 2591 1261 2633 facile
1295 2606 1350 2633 ex
1385 2590 1596 2646 sequenti
1631 2606 1704 2632 ex-

153 2658 401 2715 plicatione
440 2658 791 2716 intelleguntur.
856 2668 1048 2717 uterque
1089 2662 1301 2718 explicat,
1342 2676 1447 2704 cum
1485 2661 1561 2703 hic
1599 2675 1703 2703 con-

154 2736 339 2791 spectus
379 2729 626 2773 minimum
660 2732 715 2773 ad
756 2732 1077 2775 maturitatem
1124 2739 1286 2788 partus
1338 2733 1556 2786 conferat,
1602 2747 1702 2774 con-

1563 2814 1609 2849 3⁶1·
