2001 3099
860 131 1150 169 -26ψ

224 265 402 319 gnitate
456 266 591 309 vitae'
642 283 783 310 unam
829 277 1011 325 praeter
1051 270 1333 314 Vossianum
1376 271 1613 315 Parisinus
1658 274 1783 316 solus

225 337 366 380 habet
399 352 594 394 eamque
619 353 724 381 cum
748 339 1019 396 appendice.
1069 342 1260 397 eclogae
1291 350 1551 399 sequentes,
1575 357 1693 400 quae
1727 345 1787 387 al-

225 407 366 451 terius
402 408 587 464 generis
624 417 746 464 sunt,
785 411 842 453 ad
882 410 1202 467 cognitionem
1236 412 1440 456 siderum
1478 421 1694 470 spectant
1727 418 1783 470 (6.

226 483 262 522 7,
289 481 342 533 8).
392 480 580 522 tertium
616 495 767 536 genus
800 482 1070 538 eclogarum
1104 490 1288 527 constat
1321 500 1377 527 ex
1410 486 1636 540 versibus,
1671 501 1785 542 quos

224 551 514 606 appellamus
535 553 840 607 memoriales,
875 553 1110 609 pertinent
1133 562 1292 598 autem
1317 557 1375 598 ad
1400 555 1783 613 compositionem

224 622 333 664 anni
375 622 574 665 Romani
616 630 661 666 et
701 632 811 667 sunt
850 626 906 667 de
946 640 1069 668 anno
1109 625 1302 682 eiusque
1344 626 1554 683 partibus
1594 628 1785 685 (9-19),

223 693 279 735 de
313 694 544 749 agonibus
578 698 799 749 (20-23),
839 696 895 738 de
934 695 1058 739 feriis
1101 697 1328 740 Romanis
1369 700 1477 755 (24).
1542 699 1589 742 hi
1623 714 1785 743 versus

224 765 528 820 memoriales,
561 765 639 822 qui
673 768 730 809 ad
765 766 1070 823 antiquitates
1108 771 1346 812 Romanas
1379 776 1607 826 spectant,
1646 786 1783 827 quem

223 836 280 878 ad
304 836 479 880 fontem
505 836 599 881 sint
632 839 872 893 referendi,
897 840 1013 882 scire
1037 839 1291 896 plurimum
1320 840 1526 885 interest.
1561 842 1648 885 hae
1673 843 1786 885 eclo-

225 922 315 962 gae
350 922 443 950 una
482 911 575 964 (19)
617 916 823 966 excepta,
864 925 1004 966 quam
1053 910 1269 954 Tilianus
1318 913 1445 955 solus
1492 912 1694 968 exhibet,
1738 913 1785 957 in

223 979 452 1023 Vossiano
487 981 643 1024 codice
676 980 826 1037 priore
858 983 959 1025 1060
994 997 1134 1039 quam
1169 985 1360 1040 eclogae
1384 988 1537 1038 (2—8)
1561 986 1787 1042 leguntur

224 1057 269 1093 et
313 1051 483 1093 librum
523 1066 604 1108 per
650 1067 698 1095 se
744 1052 937 1108 faciunt,
985 1053 1107 1097 sicut
1152 1055 1341 1098 titulum
1389 1056 1565 1100 habent
1611 1056 1787 1114 ‘incipit

223 1122 516 1178 eglogarum'
559 1126 636 1175 (sc.
675 1123 859 1178 liber)¹).
923 1125 1091 1168 deinde
1132 1133 1242 1169 sunt
1289 1127 1422 1170 nobis
1471 1129 1786 1172 enumeranda

224 1193 516 1237 monosticha
549 1194 606 1237 de
639 1195 875 1239 aerumnis
911 1198 1130 1240 Herculis
1165 1197 1268 1255 (25),
1301 1213 1421 1255 quae
1451 1199 1627 1256 primae
1651 1200 1784 1243 classi

225 1263 486 1320 tribuimus,
521 1280 627 1309 cum
661 1268 922 1310 Ausonium
966 1267 1023 1311 iis
1063 1284 1248 1312 carmen
1283 1270 1588 1327 anthologiae
1623 1272 1789 1315 Planu‘

224 1336 337 1379 <leae
348 1339 402 1378 92
421 1337 567 1380 latine
584 1337 840 1382 reddidisse
855 1346 1032 1383 certum
1050 1341 1122 1395 sit,
1138 1340 1303 1395 Quinti
1321 1341 1554 1386 Ciceronis
1566 1343 1623 1385 de
1638 1342 1785 1398 signis

224 1422 385 1450 versus
418 1408 524 1464 (26),
559 1424 674 1465 quos
707 1417 759 1453 ut
798 1411 919 1454 inter
952 1412 1137 1468 eclogas
1172 1411 1296 1455 tertii
1330 1412 1516 1469 generis
1549 1414 1786 1470 ducamus,

222 1478 463 1535 inscriptio
501 1480 648 1536 ipsa2)
695 1482 871 1537 suadet,
912 1482 1113 1539 denique
1160 1498 1323 1527 versus
1369 1485 1641 1528 hexameter
1679 1500 1787 1529 ano-

224 1565 405 1605 nymus,
445 1566 582 1608 quem
629 1554 854 1596 nonnulla
900 1555 1040 1597 verba
1086 1554 1325 1598 horridula
1371 1562 1515 1612 atque
1547 1557 1786 1614 incompta

224 1630 452 1678 praeeunt
484 1630 530 1666 et
563 1623 809 1680 explicant,
843 1640 948 1668 curn
984 1625 1029 1668 in
1065 1641 1202 1669 versu
1236 1626 1336 1683 ipso
1372 1628 1564 1671 verbum
1596 1627 1785 1671 finitum

224 1692 527 1749 desideretur3
568 1703 828 1752 sequuntur
867 1704 1025 1740 autem
1065 1713 1227 1741 versus
1269 1698 1435 1753 ultimi,
1477 1698 1646 1755 quibus
1686 1714 1786 1743 sen-

225 1765 371 1807 tentia
395 1766 718 1822 superstitiosa
741 1767 788 1810 in
812 1767 891 1811 illo
915 1783 1051 1811 versu
1075 1770 1255 1826 prolata
1278 1769 1515 1813 refellitur.
1555 1771 1785 1827 neglectis

224 1836 364 1879 etiam
398 1836 469 1879 his
504 1838 714 1881 versibus
749 1840 935 1896 eclogas
969 1840 1161 1883 alterius
1195 1847 1242 1883 et
1275 1840 1400 1884 tertii
1443 1841 1629 1898 generis
1663 1844 1785 1886 solas

226 1923 281 1950 ex
315 1907 507 1951 consilio
541 1908 680 1952 huius
714 1909 1055 1954 dissertationis
1078 1912 1125 1954 in
1150 1913 1472 1968 quaestionem
1500 1912 1772 1957 vocabimus

225 1994 339 2035 quas
373 1980 430 2022 ad
464 1980 616 2023 fontes
649 1996 757 2024 suos
789 1982 1009 2025 reducere
1044 1997 1278 2027 conemur.

368 2058 508 2108 atque
542 2067 646 2095 cum
681 2054 737 2096 ad
772 2054 953 2108 eclogas
989 2057 1023 2097 6.
1050 2058 1085 2097 7.
1111 2058 1134 2096 8
1170 2055 1358 2111 propius
1389 2055 1665 2111 accedimus,
1698 2057 1786 2100 hoc

226 2123 441 2179 primum,
481 2125 602 2180 quod
638 2124 912 2168 nonnullius
945 2125 1173 2169 momenti
1206 2125 1393 2170 videtur
1426 2142 1540 2182 esse,
1579 2127 1786 2170 animad-

228 2194 464 2250 vertimus,
505 2197 714 2252 eclogam
751 2199 775 2238 6
815 2196 863 2239 in
911 2197 1067 2240 codice
1101 2198 1333 2242 Vossiano
1379 2199 1477 2241 solo
1518 2198 1652 2242 nobis
1686 2214 1785 2243 esse

228 2266 445 2310 traditam
478 2282 673 2324 eamque
697 2268 997 2312 coniunctam
1022 2284 1127 2312 cum
1152 2269 1314 2326 ecloga
1338 2273 1375 2325 5,
1409 2285 1500 2327 qua
1522 2270 1785 2314 Ausonium

229 2338 424 2381 Hesiodi
459 2339 516 2381 de
548 2340 780 2382 aetatibus
822 2340 1135 2383 animantium
1170 2355 1333 2384 versus
1366 2340 1413 2384 in
1448 2340 1648 2385 latinum
1684 2357 1787 2385 con-

227 2409 421 2453 vertisse
454 2409 667 2453 diximus.
718 2426 809 2467 qua
842 2411 898 2454 de
932 2426 1071 2455 causa
1106 2411 1305 2455 editores
1338 2411 1512 2469 priores
1542 2427 1644 2456 eam
1678 2428 1782 2456 cnm

228 2482 390 2538 ecloga
414 2485 439 2524 5
473 2482 831 2525 coniunxerunt.
896 2483 975 2525 sed
1012 2483 1102 2526 iarn
1139 2483 1456 2540 Mariangelus
1491 2483 1739 2528 Accursius
1753 2488 1785 2536 ³)

374 2601 398 2644 ¹)
426 2601 467 2635 cf.
496 2601 621 2645 Peiper
648 2602 667 2635 Ι.
688 2612 715 2636 6.
736 2611 768 2646 p.
788 2601 857 2636 XX.

372 2661 398 2702 2)
427 2661 518 2695 nanc
543 2661 809 2705 inscriptionem
837 2662 881 2696 ab
908 2661 1071 2697 Ausonio
1098 2663 1176 2707 ipso
1210 2671 1290 2697 6556
1316 2662 1444 2697 factam
1471 2663 1543 2696 veri
1571 2664 1625 2698 est
1650 2662 1784 2698 similli-

230 2730 343 2761 1nuin;
372 2720 412 2754 cf.
433 2720 474 2754 A*
495 2720 598 2759 Riese
626 2720 646 2755 1.
666 2730 694 2756 e.

372 2779 399 2811 31
428 2779 608 2814 Diatribac
636 2780 670 2814 in
697 2780 910 2822 Ausonium,
935 2779 1112 2822 Solinuin,
1140 2780 1324 2822 Ovidium,
1351 2780 1484 2820 Romae
1515 2780 1612 2816 1524.
